%YAML 1.1
%TAG !u! tag:unity3d.com,2011:
--- !u!1 &1788581584335960147
GameObject:
  m_ObjectHideFlags: 0
  m_CorrespondingSourceObject: {fileID: 0}
  m_PrefabInstance: {fileID: 0}
  m_PrefabAsset: {fileID: 0}
  serializedVersion: 6
  m_Component:
  - component: {fileID: 1788581584335960146}
  - component: {fileID: 1788581584335960145}
  m_Layer: 0
  m_Name: Mano_trasera_02
  m_TagString: Untagged
  m_Icon: {fileID: 0}
  m_NavMeshLayer: 0
  m_StaticEditorFlags: 0
  m_IsActive: 1
--- !u!4 &1788581584335960146
Transform:
  m_ObjectHideFlags: 0
  m_CorrespondingSourceObject: {fileID: 0}
  m_PrefabInstance: {fileID: 0}
  m_PrefabAsset: {fileID: 0}
  m_GameObject: {fileID: 1788581584335960147}
  m_LocalRotation: {x: 0, y: 0, z: -0.41733924, w: 0.9087508}
  m_LocalPosition: {x: 0.13500012, y: -0.00000011129305, z: 0}
  m_LocalScale: {x: 1, y: 1, z: 1}
  m_Children: []
  m_Father: {fileID: 1788581584401579500}
  m_RootOrder: 0
  m_LocalEulerAnglesHint: {x: 0, y: 0, z: -49.333004}
--- !u!114 &1788581584335960145
MonoBehaviour:
  m_ObjectHideFlags: 0
  m_CorrespondingSourceObject: {fileID: 0}
  m_PrefabInstance: {fileID: 0}
  m_PrefabAsset: {fileID: 0}
  m_GameObject: {fileID: 1788581584335960147}
  m_Enabled: 1
  m_EditorHideFlags: 0
  m_Script: {fileID: 11500000, guid: 03b157d7625014c58bfbad3513f40289, type: 3}
  m_Name: 
  m_EditorClassIdentifier: 
  m_Color: {r: 1, g: 1, b: 1, a: 1}
  m_Length: 0.12
  m_ChildTransform: {fileID: 0}
  m_AttachedIK: {fileID: 0}
--- !u!1 &1788581584349364220
GameObject:
  m_ObjectHideFlags: 0
  m_CorrespondingSourceObject: {fileID: 0}
  m_PrefabInstance: {fileID: 0}
  m_PrefabAsset: {fileID: 0}
  serializedVersion: 6
  m_Component:
  - component: {fileID: 1788581584349364219}
  - component: {fileID: 1788581584349364218}
  m_Layer: 0
  m_Name: Cadera_03
  m_TagString: Untagged
  m_Icon: {fileID: 0}
  m_NavMeshLayer: 0
  m_StaticEditorFlags: 0
  m_IsActive: 1
--- !u!4 &1788581584349364219
Transform:
  m_ObjectHideFlags: 0
  m_CorrespondingSourceObject: {fileID: 0}
  m_PrefabInstance: {fileID: 0}
  m_PrefabAsset: {fileID: 0}
  m_GameObject: {fileID: 1788581584349364220}
  m_LocalRotation: {x: -0, y: -0, z: -0.0036306605, w: 0.99999344}
  m_LocalPosition: {x: 0.5999993, y: -0.000000077998266, z: 0}
  m_LocalScale: {x: 1, y: 1, z: 1}
  m_Children:
  - {fileID: 1788581585759704737}
  m_Father: {fileID: 1788581585195236558}
  m_RootOrder: 0
  m_LocalEulerAnglesHint: {x: 0, y: 0, z: -0.416}
--- !u!114 &1788581584349364218
MonoBehaviour:
  m_ObjectHideFlags: 0
  m_CorrespondingSourceObject: {fileID: 0}
  m_PrefabInstance: {fileID: 0}
  m_PrefabAsset: {fileID: 0}
  m_GameObject: {fileID: 1788581584349364220}
  m_Enabled: 1
  m_EditorHideFlags: 0
  m_Script: {fileID: 11500000, guid: 03b157d7625014c58bfbad3513f40289, type: 3}
  m_Name: 
  m_EditorClassIdentifier: 
  m_Color: {r: 1, g: 1, b: 1, a: 1}
  m_Length: 0.24999961
  m_ChildTransform: {fileID: 1788581585759704737}
  m_AttachedIK: {fileID: 0}
--- !u!1 &1788581584355365579
GameObject:
  m_ObjectHideFlags: 0
  m_CorrespondingSourceObject: {fileID: 0}
  m_PrefabInstance: {fileID: 0}
  m_PrefabAsset: {fileID: 0}
  serializedVersion: 6
  m_Component:
  - component: {fileID: 1788581584355365578}
  - component: {fileID: 1788581584355365577}
  m_Layer: 0
  m_Name: Pie_frontal_02
  m_TagString: Untagged
  m_Icon: {fileID: 0}
  m_NavMeshLayer: 0
  m_StaticEditorFlags: 0
  m_IsActive: 1
--- !u!4 &1788581584355365578
Transform:
  m_ObjectHideFlags: 0
  m_CorrespondingSourceObject: {fileID: 0}
  m_PrefabInstance: {fileID: 0}
  m_PrefabAsset: {fileID: 0}
  m_GameObject: {fileID: 1788581584355365579}
  m_LocalRotation: {x: 0, y: 0, z: 0.6972044, w: 0.7168724}
  m_LocalPosition: {x: 0.1200001, y: 0.0000000016880222, z: 0}
  m_LocalScale: {x: 1, y: 1, z: 1}
  m_Children:
  - {fileID: 1788581584397544949}
  m_Father: {fileID: 1788581585376496513}
  m_RootOrder: 0
  m_LocalEulerAnglesHint: {x: 0, y: 0, z: 88.406006}
--- !u!114 &1788581584355365577
MonoBehaviour:
  m_ObjectHideFlags: 0
  m_CorrespondingSourceObject: {fileID: 0}
  m_PrefabInstance: {fileID: 0}
  m_PrefabAsset: {fileID: 0}
  m_GameObject: {fileID: 1788581584355365579}
  m_Enabled: 1
  m_EditorHideFlags: 0
  m_Script: {fileID: 11500000, guid: 03b157d7625014c58bfbad3513f40289, type: 3}
  m_Name: 
  m_EditorClassIdentifier: 
  m_Color: {r: 1, g: 1, b: 1, a: 1}
  m_Length: 0.24500029
  m_ChildTransform: {fileID: 1788581584397544949}
  m_AttachedIK: {fileID: 0}
--- !u!1 &1788581584397544950
GameObject:
  m_ObjectHideFlags: 0
  m_CorrespondingSourceObject: {fileID: 0}
  m_PrefabInstance: {fileID: 0}
  m_PrefabAsset: {fileID: 0}
  serializedVersion: 6
  m_Component:
  - component: {fileID: 1788581584397544949}
  - component: {fileID: 1788581584397544948}
  m_Layer: 0
  m_Name: Pie_frontal_03
  m_TagString: Untagged
  m_Icon: {fileID: 0}
  m_NavMeshLayer: 0
  m_StaticEditorFlags: 0
  m_IsActive: 1
--- !u!4 &1788581584397544949
Transform:
  m_ObjectHideFlags: 0
  m_CorrespondingSourceObject: {fileID: 0}
  m_PrefabInstance: {fileID: 0}
  m_PrefabAsset: {fileID: 0}
  m_GameObject: {fileID: 1788581584397544950}
  m_LocalRotation: {x: 0, y: 0, z: 0, w: 1}
  m_LocalPosition: {x: 0.24500011, y: -0.00000011920929, z: 0}
  m_LocalScale: {x: 1, y: 1, z: 1}
  m_Children: []
  m_Father: {fileID: 1788581584355365578}
  m_RootOrder: 0
  m_LocalEulerAnglesHint: {x: 0, y: 0, z: 0}
--- !u!114 &1788581584397544948
MonoBehaviour:
  m_ObjectHideFlags: 0
  m_CorrespondingSourceObject: {fileID: 0}
  m_PrefabInstance: {fileID: 0}
  m_PrefabAsset: {fileID: 0}
  m_GameObject: {fileID: 1788581584397544950}
  m_Enabled: 1
  m_EditorHideFlags: 0
  m_Script: {fileID: 11500000, guid: 03b157d7625014c58bfbad3513f40289, type: 3}
  m_Name: 
  m_EditorClassIdentifier: 
  m_Color: {r: 1, g: 1, b: 1, a: 1}
  m_Length: 0.1
  m_ChildTransform: {fileID: 0}
  m_AttachedIK: {fileID: 0}
--- !u!1 &1788581584401579501
GameObject:
  m_ObjectHideFlags: 0
  m_CorrespondingSourceObject: {fileID: 0}
  m_PrefabInstance: {fileID: 0}
  m_PrefabAsset: {fileID: 0}
  serializedVersion: 6
  m_Component:
  - component: {fileID: 1788581584401579500}
  - component: {fileID: 1788581584401579499}
  m_Layer: 0
  m_Name: Mano_trasera_01
  m_TagString: Untagged
  m_Icon: {fileID: 0}
  m_NavMeshLayer: 0
  m_StaticEditorFlags: 0
  m_IsActive: 1
--- !u!4 &1788581584401579500
Transform:
  m_ObjectHideFlags: 0
  m_CorrespondingSourceObject: {fileID: 0}
  m_PrefabInstance: {fileID: 0}
  m_PrefabAsset: {fileID: 0}
  m_GameObject: {fileID: 1788581584401579501}
  m_LocalRotation: {x: -0, y: -0, z: 0.3016901, w: 0.9534061}
  m_LocalPosition: {x: 0.35000023, y: -0.00000008568168, z: 0}
  m_LocalScale: {x: 1, y: 1, z: 1}
  m_Children:
  - {fileID: 1788581584335960146}
  m_Father: {fileID: 1788581585948744639}
  m_RootOrder: 0
  m_LocalEulerAnglesHint: {x: 0, y: 0, z: 395.118}
--- !u!114 &1788581584401579499
MonoBehaviour:
  m_ObjectHideFlags: 0
  m_CorrespondingSourceObject: {fileID: 0}
  m_PrefabInstance: {fileID: 0}
  m_PrefabAsset: {fileID: 0}
  m_GameObject: {fileID: 1788581584401579501}
  m_Enabled: 1
  m_EditorHideFlags: 0
  m_Script: {fileID: 11500000, guid: 03b157d7625014c58bfbad3513f40289, type: 3}
  m_Name: 
  m_EditorClassIdentifier: 
  m_Color: {r: 1, g: 1, b: 1, a: 1}
  m_Length: 0.13499977
  m_ChildTransform: {fileID: 1788581584335960146}
  m_AttachedIK: {fileID: 0}
--- !u!1 &1788581584402793635
GameObject:
  m_ObjectHideFlags: 0
  m_CorrespondingSourceObject: {fileID: 0}
  m_PrefabInstance: {fileID: 0}
  m_PrefabAsset: {fileID: 0}
  serializedVersion: 6
  m_Component:
  - component: {fileID: 1788581584402793634}
  - component: {fileID: 1788581584402793633}
  m_Layer: 0
  m_Name: Brazo_trasera_01
  m_TagString: Untagged
  m_Icon: {fileID: 0}
  m_NavMeshLayer: 0
  m_StaticEditorFlags: 0
  m_IsActive: 1
--- !u!4 &1788581584402793634
Transform:
  m_ObjectHideFlags: 0
  m_CorrespondingSourceObject: {fileID: 0}
  m_PrefabInstance: {fileID: 0}
  m_PrefabAsset: {fileID: 0}
  m_GameObject: {fileID: 1788581584402793635}
  m_LocalRotation: {x: 0, y: 0, z: -0.9990745, w: 0.04301277}
  m_LocalPosition: {x: 0.5552533, y: -0.06829349, z: 0}
  m_LocalScale: {x: 1, y: 1, z: 1}
  m_Children:
  - {fileID: 1788581585948744639}
  m_Father: {fileID: 1788581585195236558}
  m_RootOrder: 2
  m_LocalEulerAnglesHint: {x: 0, y: 0, z: -175.07}
--- !u!114 &1788581584402793633
MonoBehaviour:
  m_ObjectHideFlags: 0
  m_CorrespondingSourceObject: {fileID: 0}
  m_PrefabInstance: {fileID: 0}
  m_PrefabAsset: {fileID: 0}
  m_GameObject: {fileID: 1788581584402793635}
  m_Enabled: 1
  m_EditorHideFlags: 0
  m_Script: {fileID: 11500000, guid: 03b157d7625014c58bfbad3513f40289, type: 3}
  m_Name: 
  m_EditorClassIdentifier: 
  m_Color: {r: 1, g: 1, b: 1, a: 1}
  m_Length: 0.36000004
  m_ChildTransform: {fileID: 1788581585948744639}
  m_AttachedIK: {fileID: 0}
--- !u!1 &1788581584566305315
GameObject:
  m_ObjectHideFlags: 0
  m_CorrespondingSourceObject: {fileID: 0}
  m_PrefabInstance: {fileID: 0}
  m_PrefabAsset: {fileID: 0}
  serializedVersion: 6
  m_Component:
  - component: {fileID: 1788581584566305314}
  - component: {fileID: 1788581584566305313}
  m_Layer: 0
  m_Name: Pierna_frontal_02
  m_TagString: Untagged
  m_Icon: {fileID: 0}
  m_NavMeshLayer: 0
  m_StaticEditorFlags: 0
  m_IsActive: 1
--- !u!4 &1788581584566305314
Transform:
  m_ObjectHideFlags: 0
  m_CorrespondingSourceObject: {fileID: 0}
  m_PrefabInstance: {fileID: 0}
  m_PrefabAsset: {fileID: 0}
  m_GameObject: {fileID: 1788581584566305315}
  m_LocalRotation: {x: 0, y: 0, z: -0.25047937, w: 0.96812195}
  m_LocalPosition: {x: 0.4900002, y: 0, z: 0}
  m_LocalScale: {x: 1, y: 1, z: 1}
  m_Children:
  - {fileID: 1788581584697604329}
  m_Father: {fileID: 1788581584770046871}
  m_RootOrder: 0
  m_LocalEulerAnglesHint: {x: 0, y: 0, z: -29.012001}
--- !u!114 &1788581584566305313
MonoBehaviour:
  m_ObjectHideFlags: 0
  m_CorrespondingSourceObject: {fileID: 0}
  m_PrefabInstance: {fileID: 0}
  m_PrefabAsset: {fileID: 0}
  m_GameObject: {fileID: 1788581584566305315}
  m_Enabled: 1
  m_EditorHideFlags: 0
  m_Script: {fileID: 11500000, guid: 03b157d7625014c58bfbad3513f40289, type: 3}
  m_Name: 
  m_EditorClassIdentifier: 
  m_Color: {r: 1, g: 1, b: 1, a: 1}
  m_Length: 0.27966505
  m_ChildTransform: {fileID: 1788581584697604329}
  m_AttachedIK: {fileID: 1788581585392818446}
--- !u!1 &1788581584662772847
GameObject:
  m_ObjectHideFlags: 0
  m_CorrespondingSourceObject: {fileID: 0}
  m_PrefabInstance: {fileID: 0}
  m_PrefabAsset: {fileID: 0}
  serializedVersion: 6
  m_Component:
  - component: {fileID: 1788581584662772845}
  - component: {fileID: 1788581584662772846}
  - component: {fileID: 1788581584662772843}
  - component: {fileID: 1788581584662772844}
  m_Layer: 0
  m_Name: PersonajeGameObject
  m_TagString: Untagged
  m_Icon: {fileID: 0}
  m_NavMeshLayer: 0
  m_StaticEditorFlags: 0
  m_IsActive: 1
--- !u!4 &1788581584662772845
Transform:
  m_ObjectHideFlags: 0
  m_CorrespondingSourceObject: {fileID: 0}
  m_PrefabInstance: {fileID: 0}
  m_PrefabAsset: {fileID: 0}
  m_GameObject: {fileID: 1788581584662772847}
  m_LocalRotation: {x: -0, y: -0, z: -0, w: 1}
  m_LocalPosition: {x: 0, y: -0.035, z: 0}
  m_LocalScale: {x: 1, y: 1, z: 1}
  m_Children:
  - {fileID: 1788581585603325793}
  m_Father: {fileID: 1788581585189140645}
  m_RootOrder: 0
  m_LocalEulerAnglesHint: {x: 0, y: 0, z: 0}
--- !u!114 &1788581584662772846
MonoBehaviour:
  m_ObjectHideFlags: 0
  m_CorrespondingSourceObject: {fileID: 0}
  m_PrefabInstance: {fileID: 0}
  m_PrefabAsset: {fileID: 0}
  m_GameObject: {fileID: 1788581584662772847}
  m_Enabled: 1
  m_EditorHideFlags: 0
  m_Script: {fileID: 11500000, guid: d9d38afcd8aa54f4cbd50ed26018251c, type: 3}
  m_Name: 
  m_EditorClassIdentifier: 
  MirandoDerecha: 0
--- !u!61 &1788581584662772843
BoxCollider2D:
  m_ObjectHideFlags: 0
  m_CorrespondingSourceObject: {fileID: 0}
  m_PrefabInstance: {fileID: 0}
  m_PrefabAsset: {fileID: 0}
  m_GameObject: {fileID: 1788581584662772847}
  m_Enabled: 1
  m_Density: 1
  m_Material: {fileID: 0}
  m_IsTrigger: 0
  m_UsedByEffector: 0
  m_UsedByComposite: 0
  m_Offset: {x: 0.08205104, y: 0.21857572}
  m_SpriteTilingProperty:
    border: {x: 0, y: 0, z: 0, w: 0}
    pivot: {x: 0, y: 0}
    oldSize: {x: 0, y: 0}
    newSize: {x: 0, y: 0}
    adaptiveTilingThreshold: 0
    drawMode: 0
    adaptiveTiling: 0
  m_AutoTiling: 0
  serializedVersion: 2
  m_Size: {x: 1.1641021, y: 2.8968396}
  m_EdgeRadius: 0
--- !u!50 &1788581584662772844
Rigidbody2D:
  serializedVersion: 4
  m_ObjectHideFlags: 0
  m_CorrespondingSourceObject: {fileID: 0}
  m_PrefabInstance: {fileID: 0}
  m_PrefabAsset: {fileID: 0}
  m_GameObject: {fileID: 1788581584662772847}
  m_BodyType: 0
  m_Simulated: 1
  m_UseFullKinematicContacts: 0
  m_UseAutoMass: 0
  m_Mass: 1
  m_LinearDrag: 0
  m_AngularDrag: 0.05
  m_GravityScale: 1
  m_Material: {fileID: 0}
  m_Interpolate: 0
  m_SleepingMode: 1
  m_CollisionDetection: 0
  m_Constraints: 0
--- !u!1 &1788581584677225813
GameObject:
  m_ObjectHideFlags: 0
  m_CorrespondingSourceObject: {fileID: 0}
  m_PrefabInstance: {fileID: 0}
  m_PrefabAsset: {fileID: 0}
  serializedVersion: 6
  m_Component:
  - component: {fileID: 1788581584677225812}
  - component: {fileID: 1788581584677225809}
  - component: {fileID: 1788581584677225810}
  - component: {fileID: 1788581584677225811}
  m_Layer: 0
  m_Name: CamaraFadil
  m_TagString: MainCamera
  m_Icon: {fileID: 0}
  m_NavMeshLayer: 0
  m_StaticEditorFlags: 0
  m_IsActive: 1
--- !u!4 &1788581584677225812
Transform:
  m_ObjectHideFlags: 0
  m_CorrespondingSourceObject: {fileID: 0}
  m_PrefabInstance: {fileID: 0}
  m_PrefabAsset: {fileID: 0}
  m_GameObject: {fileID: 1788581584677225813}
  m_LocalRotation: {x: -0, y: -0, z: -0, w: 1}
  m_LocalPosition: {x: 10.691999, y: 3.473, z: -5.02}
  m_LocalScale: {x: 1, y: 1, z: 1}
  m_Children:
  - {fileID: 1788581586035787792}
  m_Father: {fileID: 1788581585189140645}
  m_RootOrder: 1
  m_LocalEulerAnglesHint: {x: 0, y: 0, z: 0}
--- !u!20 &1788581584677225809
Camera:
  m_ObjectHideFlags: 0
  m_CorrespondingSourceObject: {fileID: 0}
  m_PrefabInstance: {fileID: 0}
  m_PrefabAsset: {fileID: 0}
  m_GameObject: {fileID: 1788581584677225813}
  m_Enabled: 1
  serializedVersion: 2
  m_ClearFlags: 2
  m_BackGroundColor: {r: 0.19215687, g: 0.3019608, b: 0.4745098, a: 0}
  m_projectionMatrixMode: 1
  m_GateFitMode: 2
  m_FOVAxisMode: 0
  m_SensorSize: {x: 36, y: 24}
  m_LensShift: {x: 0, y: 0}
  m_FocalLength: 50
  m_NormalizedViewPortRect:
    serializedVersion: 2
    x: 0
    y: 0
    width: 1
    height: 1
  near clip plane: 0.3
  far clip plane: 1000
  field of view: 60
  orthographic: 1
  orthographic size: 5
  m_Depth: -1
  m_CullingMask:
    serializedVersion: 2
    m_Bits: 4294967295
  m_RenderingPath: -1
  m_TargetTexture: {fileID: 0}
  m_TargetDisplay: 0
  m_TargetEye: 0
  m_HDR: 1
  m_AllowMSAA: 0
  m_AllowDynamicResolution: 0
  m_ForceIntoRT: 0
  m_OcclusionCulling: 0
  m_StereoConvergence: 10
  m_StereoSeparation: 0.022
--- !u!81 &1788581584677225810
AudioListener:
  m_ObjectHideFlags: 0
  m_CorrespondingSourceObject: {fileID: 0}
  m_PrefabInstance: {fileID: 0}
  m_PrefabAsset: {fileID: 0}
  m_GameObject: {fileID: 1788581584677225813}
  m_Enabled: 1
--- !u!114 &1788581584677225811
MonoBehaviour:
  m_ObjectHideFlags: 0
  m_CorrespondingSourceObject: {fileID: 0}
  m_PrefabInstance: {fileID: 0}
  m_PrefabAsset: {fileID: 0}
  m_GameObject: {fileID: 1788581584677225813}
  m_Enabled: 1
  m_EditorHideFlags: 0
  m_Script: {fileID: 11500000, guid: 3bb71177e6acbd3478f5c8e43be6fa74, type: 3}
  m_Name: 
  m_EditorClassIdentifier: 
--- !u!1 &1788581584697604330
GameObject:
  m_ObjectHideFlags: 0
  m_CorrespondingSourceObject: {fileID: 0}
  m_PrefabInstance: {fileID: 0}
  m_PrefabAsset: {fileID: 0}
  serializedVersion: 6
  m_Component:
  - component: {fileID: 1788581584697604329}
  - component: {fileID: 1788581584697604328}
  m_Layer: 0
  m_Name: Pie_frontal_01
  m_TagString: Untagged
  m_Icon: {fileID: 0}
  m_NavMeshLayer: 0
  m_StaticEditorFlags: 0
  m_IsActive: 1
--- !u!4 &1788581584697604329
Transform:
  m_ObjectHideFlags: 0
  m_CorrespondingSourceObject: {fileID: 0}
  m_PrefabInstance: {fileID: 0}
  m_PrefabAsset: {fileID: 0}
  m_GameObject: {fileID: 1788581584697604330}
  m_LocalRotation: {x: -0, y: -0, z: 0.14260478, w: 0.9897798}
  m_LocalPosition: {x: 0.27966473, y: 0.000000113621354, z: 0}
  m_LocalScale: {x: 1, y: 1, z: 1}
  m_Children:
  - {fileID: 1788581585930347452}
  m_Father: {fileID: 1788581584566305314}
  m_RootOrder: 0
  m_LocalEulerAnglesHint: {x: 0, y: 0, z: 16.397001}
--- !u!114 &1788581584697604328
MonoBehaviour:
  m_ObjectHideFlags: 0
  m_CorrespondingSourceObject: {fileID: 0}
  m_PrefabInstance: {fileID: 0}
  m_PrefabAsset: {fileID: 0}
  m_GameObject: {fileID: 1788581584697604330}
  m_Enabled: 1
  m_EditorHideFlags: 0
  m_Script: {fileID: 11500000, guid: 03b157d7625014c58bfbad3513f40289, type: 3}
  m_Name: 
  m_EditorClassIdentifier: 
  m_Color: {r: 1, g: 1, b: 1, a: 1}
  m_Length: 0.1200003
  m_ChildTransform: {fileID: 1788581585930347452}
  m_AttachedIK: {fileID: 0}
--- !u!1 &1788581584702780506
GameObject:
  m_ObjectHideFlags: 0
  m_CorrespondingSourceObject: {fileID: 0}
  m_PrefabInstance: {fileID: 0}
  m_PrefabAsset: {fileID: 0}
  serializedVersion: 6
  m_Component:
  - component: {fileID: 1788581584702780505}
  - component: {fileID: 1788581584702780486}
  - component: {fileID: 1788581584702780504}
  m_Layer: 0
  m_Name: brazo trasero
  m_TagString: Anbar
  m_Icon: {fileID: 0}
  m_NavMeshLayer: 0
  m_StaticEditorFlags: 0
  m_IsActive: 1
--- !u!4 &1788581584702780505
Transform:
  m_ObjectHideFlags: 0
  m_CorrespondingSourceObject: {fileID: 0}
  m_PrefabInstance: {fileID: 0}
  m_PrefabAsset: {fileID: 0}
  m_GameObject: {fileID: 1788581584702780506}
  m_LocalRotation: {x: -0, y: -0, z: -0, w: 1}
  m_LocalPosition: {x: 0.16100073, y: -1.566, z: 0}
  m_LocalScale: {x: 1, y: 1, z: 1}
  m_Children: []
  m_Father: {fileID: 1788581585603325793}
  m_RootOrder: 1
  m_LocalEulerAnglesHint: {x: 0, y: 0, z: 0}
--- !u!114 &1788581584702780486
MonoBehaviour:
  m_ObjectHideFlags: 0
  m_CorrespondingSourceObject: {fileID: 0}
  m_PrefabInstance: {fileID: 0}
  m_PrefabAsset: {fileID: 0}
  m_GameObject: {fileID: 1788581584702780506}
  m_Enabled: 1
  m_EditorHideFlags: 0
  m_Script: {fileID: 11500000, guid: 5ec17ceaa560940e9bf0dbeafc3a1971, type: 3}
  m_Name: 
  m_EditorClassIdentifier: 
  m_SpriteMesh: {fileID: 11400000, guid: 670ebfbcf552d2e4cbe1579196dc0c54, type: 2}
  m_Color: {r: 1, g: 1, b: 1, a: 1}
  m_Materials:
  - {fileID: 10754, guid: 0000000000000000f000000000000000, type: 0}
  m_SortingLayerID: 0
  m_SortingOrder: 0
  m_BoneTransforms:
  - {fileID: 1788581584402793634}
  - {fileID: 1788581585948744639}
  - {fileID: 1788581584401579500}
  - {fileID: 1788581584335960146}
--- !u!137 &1788581584702780504
SkinnedMeshRenderer:
  m_ObjectHideFlags: 0
  m_CorrespondingSourceObject: {fileID: 0}
  m_PrefabInstance: {fileID: 0}
  m_PrefabAsset: {fileID: 0}
  m_GameObject: {fileID: 1788581584702780506}
  m_Enabled: 1
  m_CastShadows: 1
  m_ReceiveShadows: 1
  m_DynamicOccludee: 1
  m_MotionVectors: 1
  m_LightProbeUsage: 1
  m_ReflectionProbeUsage: 1
  m_RenderingLayerMask: 1
  m_RendererPriority: 0
  m_Materials:
  - {fileID: 10754, guid: 0000000000000000f000000000000000, type: 0}
  m_StaticBatchInfo:
    firstSubMesh: 0
    subMeshCount: 0
  m_StaticBatchRoot: {fileID: 0}
  m_ProbeAnchor: {fileID: 0}
  m_LightProbeVolumeOverride: {fileID: 0}
  m_ScaleInLightmap: 1
  m_PreserveUVs: 0
  m_IgnoreNormalsForChartDetection: 0
  m_ImportantGI: 0
  m_StitchLightmapSeams: 1
  m_SelectedEditorRenderState: 3
  m_MinimumChartSize: 4
  m_AutoUVMaxDistance: 0.5
  m_AutoUVMaxAngle: 89
  m_LightmapParameters: {fileID: 0}
  m_SortingLayerID: 0
  m_SortingLayer: 0
  m_SortingOrder: 0
  serializedVersion: 2
  m_Quality: 0
  m_UpdateWhenOffscreen: 0
  m_SkinnedMotionVectors: 1
  m_Mesh: {fileID: 0}
  m_Bones:
  - {fileID: 1788581584402793634}
  - {fileID: 1788581585948744639}
  - {fileID: 1788581584401579500}
  - {fileID: 1788581584335960146}
  m_BlendShapeWeights: []
  m_RootBone: {fileID: 1788581584402793634}
  m_AABB:
    m_Center: {x: 0.3844906, y: 0.15429544, z: 0}
    m_Extent: {x: 0.52815366, y: 0.4837765, z: 0}
  m_DirtyAABB: 0
--- !u!1 &1788581584754042836
GameObject:
  m_ObjectHideFlags: 0
  m_CorrespondingSourceObject: {fileID: 0}
  m_PrefabInstance: {fileID: 0}
  m_PrefabAsset: {fileID: 0}
  serializedVersion: 6
  m_Component:
  - component: {fileID: 1788581584754042835}
  - component: {fileID: 1788581584754042834}
  m_Layer: 0
  m_Name: Brazo_Froontal_02
  m_TagString: Untagged
  m_Icon: {fileID: 0}
  m_NavMeshLayer: 0
  m_StaticEditorFlags: 0
  m_IsActive: 1
--- !u!4 &1788581584754042835
Transform:
  m_ObjectHideFlags: 0
  m_CorrespondingSourceObject: {fileID: 0}
  m_PrefabInstance: {fileID: 0}
  m_PrefabAsset: {fileID: 0}
  m_GameObject: {fileID: 1788581584754042836}
  m_LocalRotation: {x: -0, y: -0, z: 0.20506233, w: 0.978749}
  m_LocalPosition: {x: 0.42000002, y: 0, z: 0}
  m_LocalScale: {x: 1, y: 1, z: 1}
  m_Children:
  - {fileID: 1788581585330987544}
  m_Father: {fileID: 1788581585536207133}
  m_RootOrder: 0
  m_LocalEulerAnglesHint: {x: 0, y: 0, z: 23.666}
--- !u!114 &1788581584754042834
MonoBehaviour:
  m_ObjectHideFlags: 0
  m_CorrespondingSourceObject: {fileID: 0}
  m_PrefabInstance: {fileID: 0}
  m_PrefabAsset: {fileID: 0}
  m_GameObject: {fileID: 1788581584754042836}
  m_Enabled: 1
  m_EditorHideFlags: 0
  m_Script: {fileID: 11500000, guid: 03b157d7625014c58bfbad3513f40289, type: 3}
  m_Name: 
  m_EditorClassIdentifier: 
  m_Color: {r: 1, g: 1, b: 1, a: 1}
  m_Length: 0.33000055
  m_ChildTransform: {fileID: 1788581585330987544}
  m_AttachedIK: {fileID: 0}
--- !u!1 &1788581584770046824
GameObject:
  m_ObjectHideFlags: 0
  m_CorrespondingSourceObject: {fileID: 0}
  m_PrefabInstance: {fileID: 0}
  m_PrefabAsset: {fileID: 0}
  serializedVersion: 6
  m_Component:
  - component: {fileID: 1788581584770046871}
  - component: {fileID: 1788581584770046870}
  m_Layer: 0
  m_Name: Pierna_frontal_01
  m_TagString: Untagged
  m_Icon: {fileID: 0}
  m_NavMeshLayer: 0
  m_StaticEditorFlags: 0
  m_IsActive: 1
--- !u!4 &1788581584770046871
Transform:
  m_ObjectHideFlags: 0
  m_CorrespondingSourceObject: {fileID: 0}
  m_PrefabInstance: {fileID: 0}
  m_PrefabAsset: {fileID: 0}
  m_GameObject: {fileID: 1788581584770046824}
  m_LocalRotation: {x: 0, y: 0, z: -0.9940226, w: 0.10917455}
  m_LocalPosition: {x: 0.033542085, y: -0.003640473, z: 0}
  m_LocalScale: {x: 1, y: 1, z: 1}
  m_Children:
  - {fileID: 1788581584566305314}
  m_Father: {fileID: 1788581586024478216}
  m_RootOrder: 1
  m_LocalEulerAnglesHint: {x: 0, y: 0, z: -167.46501}
--- !u!114 &1788581584770046870
MonoBehaviour:
  m_ObjectHideFlags: 0
  m_CorrespondingSourceObject: {fileID: 0}
  m_PrefabInstance: {fileID: 0}
  m_PrefabAsset: {fileID: 0}
  m_GameObject: {fileID: 1788581584770046824}
  m_Enabled: 1
  m_EditorHideFlags: 0
  m_Script: {fileID: 11500000, guid: 03b157d7625014c58bfbad3513f40289, type: 3}
  m_Name: 
  m_EditorClassIdentifier: 
  m_Color: {r: 1, g: 1, b: 1, a: 1}
  m_Length: 0.48999995
  m_ChildTransform: {fileID: 1788581584566305314}
  m_AttachedIK: {fileID: 1788581585392818446}
--- !u!1 &1788581584804565650
GameObject:
  m_ObjectHideFlags: 0
  m_CorrespondingSourceObject: {fileID: 0}
  m_PrefabInstance: {fileID: 0}
  m_PrefabAsset: {fileID: 0}
  serializedVersion: 6
  m_Component:
  - component: {fileID: 1788581584804565649}
  - component: {fileID: 1788581584804565648}
  m_Layer: 0
  m_Name: Pierna_trasera_02
  m_TagString: Untagged
  m_Icon: {fileID: 0}
  m_NavMeshLayer: 0
  m_StaticEditorFlags: 0
  m_IsActive: 1
--- !u!4 &1788581584804565649
Transform:
  m_ObjectHideFlags: 0
  m_CorrespondingSourceObject: {fileID: 0}
  m_PrefabInstance: {fileID: 0}
  m_PrefabAsset: {fileID: 0}
  m_GameObject: {fileID: 1788581584804565650}
  m_LocalRotation: {x: 0, y: 0, z: -0.23337553, w: 0.97238666}
  m_LocalPosition: {x: 0.4900002, y: 0, z: 0}
  m_LocalScale: {x: 1, y: 1, z: 1}
  m_Children:
  - {fileID: 1788581585376496513}
  m_Father: {fileID: 1788581585114473774}
  m_RootOrder: 0
  m_LocalEulerAnglesHint: {x: 0, y: 0, z: -26.991001}
--- !u!114 &1788581584804565648
MonoBehaviour:
  m_ObjectHideFlags: 0
  m_CorrespondingSourceObject: {fileID: 0}
  m_PrefabInstance: {fileID: 0}
  m_PrefabAsset: {fileID: 0}
  m_GameObject: {fileID: 1788581584804565650}
  m_Enabled: 1
  m_EditorHideFlags: 0
  m_Script: {fileID: 11500000, guid: 03b157d7625014c58bfbad3513f40289, type: 3}
  m_Name: 
  m_EditorClassIdentifier: 
  m_Color: {r: 1, g: 1, b: 1, a: 1}
  m_Length: 0.28
  m_ChildTransform: {fileID: 0}
  m_AttachedIK: {fileID: 1788581585543786099}
--- !u!1 &1788581584917019697
GameObject:
  m_ObjectHideFlags: 0
  m_CorrespondingSourceObject: {fileID: 0}
  m_PrefabInstance: {fileID: 0}
  m_PrefabAsset: {fileID: 0}
  serializedVersion: 6
  m_Component:
  - component: {fileID: 1788581584917019696}
  - component: {fileID: 1788581584917019709}
  - component: {fileID: 1788581584917019711}
  m_Layer: 0
  m_Name: torso
  m_TagString: Anbar
  m_Icon: {fileID: 0}
  m_NavMeshLayer: 0
  m_StaticEditorFlags: 0
  m_IsActive: 1
--- !u!4 &1788581584917019696
Transform:
  m_ObjectHideFlags: 0
  m_CorrespondingSourceObject: {fileID: 0}
  m_PrefabInstance: {fileID: 0}
  m_PrefabAsset: {fileID: 0}
  m_GameObject: {fileID: 1788581584917019697}
  m_LocalRotation: {x: -0, y: -0, z: -0, w: 1}
  m_LocalPosition: {x: -0.277, y: -1.788, z: 0}
  m_LocalScale: {x: 1, y: 1, z: 1}
  m_Children: []
  m_Father: {fileID: 1788581585603325793}
  m_RootOrder: 7
  m_LocalEulerAnglesHint: {x: 0, y: 0, z: 0}
--- !u!114 &1788581584917019709
MonoBehaviour:
  m_ObjectHideFlags: 0
  m_CorrespondingSourceObject: {fileID: 0}
  m_PrefabInstance: {fileID: 0}
  m_PrefabAsset: {fileID: 0}
  m_GameObject: {fileID: 1788581584917019697}
  m_Enabled: 1
  m_EditorHideFlags: 0
  m_Script: {fileID: 11500000, guid: 5ec17ceaa560940e9bf0dbeafc3a1971, type: 3}
  m_Name: 
  m_EditorClassIdentifier: 
  m_SpriteMesh: {fileID: 11400000, guid: 0c1e48fbf4a10c54fbccdaf3d994445c, type: 2}
  m_Color: {r: 1, g: 1, b: 1, a: 1}
  m_Materials:
  - {fileID: 10754, guid: 0000000000000000f000000000000000, type: 0}
  m_SortingLayerID: 0
  m_SortingOrder: 4
  m_BoneTransforms:
  - {fileID: 1788581586024478216}
  - {fileID: 1788581585195236558}
  - {fileID: 1788581584349364219}
--- !u!137 &1788581584917019711
SkinnedMeshRenderer:
  m_ObjectHideFlags: 0
  m_CorrespondingSourceObject: {fileID: 0}
  m_PrefabInstance: {fileID: 0}
  m_PrefabAsset: {fileID: 0}
  m_GameObject: {fileID: 1788581584917019697}
  m_Enabled: 1
  m_CastShadows: 1
  m_ReceiveShadows: 1
  m_DynamicOccludee: 1
  m_MotionVectors: 1
  m_LightProbeUsage: 1
  m_ReflectionProbeUsage: 1
  m_RenderingLayerMask: 1
  m_RendererPriority: 0
  m_Materials:
  - {fileID: 10754, guid: 0000000000000000f000000000000000, type: 0}
  m_StaticBatchInfo:
    firstSubMesh: 0
    subMeshCount: 0
  m_StaticBatchRoot: {fileID: 0}
  m_ProbeAnchor: {fileID: 0}
  m_LightProbeVolumeOverride: {fileID: 0}
  m_ScaleInLightmap: 1
  m_PreserveUVs: 0
  m_IgnoreNormalsForChartDetection: 0
  m_ImportantGI: 0
  m_StitchLightmapSeams: 1
  m_SelectedEditorRenderState: 3
  m_MinimumChartSize: 4
  m_AutoUVMaxDistance: 0.5
  m_AutoUVMaxAngle: 89
  m_LightmapParameters: {fileID: 0}
  m_SortingLayerID: 0
  m_SortingLayer: 0
  m_SortingOrder: 4
  serializedVersion: 2
  m_Quality: 0
  m_UpdateWhenOffscreen: 0
  m_SkinnedMotionVectors: 1
  m_Mesh: {fileID: 0}
  m_Bones:
  - {fileID: 1788581586024478216}
  - {fileID: 1788581585195236558}
  - {fileID: 1788581584349364219}
  m_BlendShapeWeights: []
  m_RootBone: {fileID: 1788581586024478216}
  m_AABB:
    m_Center: {x: 0.53308225, y: -0.013058573, z: 0}
    m_Extent: {x: 0.603945, y: 0.33893555, z: 0}
  m_DirtyAABB: 0
--- !u!1 &1788581585047742292
GameObject:
  m_ObjectHideFlags: 0
  m_CorrespondingSourceObject: {fileID: 0}
  m_PrefabInstance: {fileID: 0}
  m_PrefabAsset: {fileID: 0}
  serializedVersion: 6
  m_Component:
  - component: {fileID: 1788581585047742291}
  m_Layer: 0
  m_Name: IK
  m_TagString: Untagged
  m_Icon: {fileID: 0}
  m_NavMeshLayer: 0
  m_StaticEditorFlags: 0
  m_IsActive: 1
--- !u!4 &1788581585047742291
Transform:
  m_ObjectHideFlags: 0
  m_CorrespondingSourceObject: {fileID: 0}
  m_PrefabInstance: {fileID: 0}
  m_PrefabAsset: {fileID: 0}
  m_GameObject: {fileID: 1788581585047742292}
  m_LocalRotation: {x: 0, y: 0, z: 0, w: 1}
  m_LocalPosition: {x: 0, y: 0, z: 0}
  m_LocalScale: {x: 1, y: 1, z: 1}
  m_Children:
  - {fileID: 1788581585392818447}
  - {fileID: 1788581585543786100}
  m_Father: {fileID: 1788581585052537401}
  m_RootOrder: 1
  m_LocalEulerAnglesHint: {x: 0, y: 0, z: 0}
--- !u!1 &1788581585052537402
GameObject:
  m_ObjectHideFlags: 0
  m_CorrespondingSourceObject: {fileID: 0}
  m_PrefabInstance: {fileID: 0}
  m_PrefabAsset: {fileID: 0}
  serializedVersion: 6
  m_Component:
  - component: {fileID: 1788581585052537401}
  m_Layer: 0
  m_Name: Bones
  m_TagString: Untagged
  m_Icon: {fileID: 0}
  m_NavMeshLayer: 0
  m_StaticEditorFlags: 0
  m_IsActive: 1
--- !u!4 &1788581585052537401
Transform:
  m_ObjectHideFlags: 0
  m_CorrespondingSourceObject: {fileID: 0}
  m_PrefabInstance: {fileID: 0}
  m_PrefabAsset: {fileID: 0}
  m_GameObject: {fileID: 1788581585052537402}
  m_LocalRotation: {x: 0, y: 0, z: 0, w: 1}
  m_LocalPosition: {x: 0, y: 0, z: 0}
  m_LocalScale: {x: 1, y: 1, z: 1}
  m_Children:
  - {fileID: 1788581586024478216}
  - {fileID: 1788581585047742291}
  m_Father: {fileID: 1788581585603325793}
  m_RootOrder: 8
  m_LocalEulerAnglesHint: {x: 0, y: 0, z: 0}
--- !u!1 &1788581585114473775
GameObject:
  m_ObjectHideFlags: 0
  m_CorrespondingSourceObject: {fileID: 0}
  m_PrefabInstance: {fileID: 0}
  m_PrefabAsset: {fileID: 0}
  serializedVersion: 6
  m_Component:
  - component: {fileID: 1788581585114473774}
  - component: {fileID: 1788581585114473773}
  m_Layer: 0
  m_Name: 'Pierna_Trasera_01 '
  m_TagString: Untagged
  m_Icon: {fileID: 0}
  m_NavMeshLayer: 0
  m_StaticEditorFlags: 0
  m_IsActive: 1
--- !u!4 &1788581585114473774
Transform:
  m_ObjectHideFlags: 0
  m_CorrespondingSourceObject: {fileID: 0}
  m_PrefabInstance: {fileID: 0}
  m_PrefabAsset: {fileID: 0}
  m_GameObject: {fileID: 1788581585114473775}
  m_LocalRotation: {x: 0, y: 0, z: -0.99405307, w: 0.10889691}
  m_LocalPosition: {x: 0.033764984, y: -0.08164891, z: 0}
  m_LocalScale: {x: 1, y: 1, z: 1}
  m_Children:
  - {fileID: 1788581584804565649}
  m_Father: {fileID: 1788581586024478216}
  m_RootOrder: 2
  m_LocalEulerAnglesHint: {x: 0, y: 0, z: -527.497}
--- !u!114 &1788581585114473773
MonoBehaviour:
  m_ObjectHideFlags: 0
  m_CorrespondingSourceObject: {fileID: 0}
  m_PrefabInstance: {fileID: 0}
  m_PrefabAsset: {fileID: 0}
  m_GameObject: {fileID: 1788581585114473775}
  m_Enabled: 1
  m_EditorHideFlags: 0
  m_Script: {fileID: 11500000, guid: 03b157d7625014c58bfbad3513f40289, type: 3}
  m_Name: 
  m_EditorClassIdentifier: 
  m_Color: {r: 1, g: 1, b: 1, a: 1}
  m_Length: 0.49000007
  m_ChildTransform: {fileID: 1788581584804565649}
  m_AttachedIK: {fileID: 1788581585543786099}
--- !u!1 &1788581585189140646
GameObject:
  m_ObjectHideFlags: 0
  m_CorrespondingSourceObject: {fileID: 0}
  m_PrefabInstance: {fileID: 0}
  m_PrefabAsset: {fileID: 0}
  serializedVersion: 6
  m_Component:
  - component: {fileID: 1788581585189140645}
  m_Layer: 0
  m_Name: ObjectAmbar
  m_TagString: Untagged
  m_Icon: {fileID: 0}
  m_NavMeshLayer: 0
  m_StaticEditorFlags: 0
  m_IsActive: 0
--- !u!4 &1788581585189140645
Transform:
  m_ObjectHideFlags: 0
  m_CorrespondingSourceObject: {fileID: 0}
  m_PrefabInstance: {fileID: 0}
  m_PrefabAsset: {fileID: 0}
  m_GameObject: {fileID: 1788581585189140646}
  m_LocalRotation: {x: -0, y: -0, z: -0, w: 1}
  m_LocalPosition: {x: -10.55, y: -3.28, z: -4.98}
  m_LocalScale: {x: 1, y: 1, z: 1}
  m_Children:
  - {fileID: 1788581584662772845}
  - {fileID: 1788581584677225812}
  m_Father: {fileID: 0}
  m_RootOrder: 0
  m_LocalEulerAnglesHint: {x: 0, y: 0, z: 0}
--- !u!1 &1788581585195236559
GameObject:
  m_ObjectHideFlags: 0
  m_CorrespondingSourceObject: {fileID: 0}
  m_PrefabInstance: {fileID: 0}
  m_PrefabAsset: {fileID: 0}
  serializedVersion: 6
  m_Component:
  - component: {fileID: 1788581585195236558}
  - component: {fileID: 1788581585195236557}
  m_Layer: 0
  m_Name: Cadera_02
  m_TagString: Untagged
  m_Icon: {fileID: 0}
  m_NavMeshLayer: 0
  m_StaticEditorFlags: 0
  m_IsActive: 1
--- !u!4 &1788581585195236558
Transform:
  m_ObjectHideFlags: 0
  m_CorrespondingSourceObject: {fileID: 0}
  m_PrefabInstance: {fileID: 0}
  m_PrefabAsset: {fileID: 0}
  m_GameObject: {fileID: 1788581585195236559}
  m_LocalRotation: {x: -0, y: -0, z: -0.07543496, w: 0.9971507}
  m_LocalPosition: {x: 0.24999994, y: 0.000000044703484, z: 0}
  m_LocalScale: {x: 1, y: 1, z: 1}
  m_Children:
  - {fileID: 1788581584349364219}
  - {fileID: 1788581585536207133}
  - {fileID: 1788581584402793634}
  m_Father: {fileID: 1788581586024478216}
  m_RootOrder: 0
  m_LocalEulerAnglesHint: {x: 0, y: 0, z: -8.652}
--- !u!114 &1788581585195236557
MonoBehaviour:
  m_ObjectHideFlags: 0
  m_CorrespondingSourceObject: {fileID: 0}
  m_PrefabInstance: {fileID: 0}
  m_PrefabAsset: {fileID: 0}
  m_GameObject: {fileID: 1788581585195236559}
  m_Enabled: 1
  m_EditorHideFlags: 0
  m_Script: {fileID: 11500000, guid: 03b157d7625014c58bfbad3513f40289, type: 3}
  m_Name: 
  m_EditorClassIdentifier: 
  m_Color: {r: 1, g: 1, b: 1, a: 1}
  m_Length: 0.5999993
  m_ChildTransform: {fileID: 1788581584349364219}
  m_AttachedIK: {fileID: 0}
--- !u!1 &1788581585227899911
GameObject:
  m_ObjectHideFlags: 0
  m_CorrespondingSourceObject: {fileID: 0}
  m_PrefabInstance: {fileID: 0}
  m_PrefabAsset: {fileID: 0}
  serializedVersion: 6
  m_Component:
  - component: {fileID: 1788581585227899910}
  - component: {fileID: 1788581585227899907}
  - component: {fileID: 1788581585227899909}
  m_Layer: 0
  m_Name: pie frontal
  m_TagString: Anbar
  m_Icon: {fileID: 0}
  m_NavMeshLayer: 0
  m_StaticEditorFlags: 0
  m_IsActive: 1
--- !u!4 &1788581585227899910
Transform:
  m_ObjectHideFlags: 0
  m_CorrespondingSourceObject: {fileID: 0}
  m_PrefabInstance: {fileID: 0}
  m_PrefabAsset: {fileID: 0}
  m_GameObject: {fileID: 1788581585227899911}
  m_LocalRotation: {x: -0, y: -0, z: -0, w: 1}
  m_LocalPosition: {x: 0.08400011, y: -2.759, z: 0}
  m_LocalScale: {x: 1, y: 1, z: 1}
  m_Children: []
  m_Father: {fileID: 1788581585603325793}
  m_RootOrder: 3
  m_LocalEulerAnglesHint: {x: 0, y: 0, z: 0}
--- !u!114 &1788581585227899907
MonoBehaviour:
  m_ObjectHideFlags: 0
  m_CorrespondingSourceObject: {fileID: 0}
  m_PrefabInstance: {fileID: 0}
  m_PrefabAsset: {fileID: 0}
  m_GameObject: {fileID: 1788581585227899911}
  m_Enabled: 1
  m_EditorHideFlags: 0
  m_Script: {fileID: 11500000, guid: 5ec17ceaa560940e9bf0dbeafc3a1971, type: 3}
  m_Name: 
  m_EditorClassIdentifier: 
  m_SpriteMesh: {fileID: 11400000, guid: 2ab89a828c340da48a523a0fb05f1e9f, type: 2}
  m_Color: {r: 1, g: 1, b: 1, a: 1}
  m_Materials:
  - {fileID: 10754, guid: 0000000000000000f000000000000000, type: 0}
  m_SortingLayerID: 0
  m_SortingOrder: 3
  m_BoneTransforms:
  - {fileID: 1788581584697604329}
  - {fileID: 1788581585930347452}
  - {fileID: 1788581586227443785}
--- !u!137 &1788581585227899909
SkinnedMeshRenderer:
  m_ObjectHideFlags: 0
  m_CorrespondingSourceObject: {fileID: 0}
  m_PrefabInstance: {fileID: 0}
  m_PrefabAsset: {fileID: 0}
  m_GameObject: {fileID: 1788581585227899911}
  m_Enabled: 1
  m_CastShadows: 1
  m_ReceiveShadows: 1
  m_DynamicOccludee: 1
  m_MotionVectors: 1
  m_LightProbeUsage: 1
  m_ReflectionProbeUsage: 1
  m_RenderingLayerMask: 1
  m_RendererPriority: 0
  m_Materials:
  - {fileID: 10754, guid: 0000000000000000f000000000000000, type: 0}
  m_StaticBatchInfo:
    firstSubMesh: 0
    subMeshCount: 0
  m_StaticBatchRoot: {fileID: 0}
  m_ProbeAnchor: {fileID: 0}
  m_LightProbeVolumeOverride: {fileID: 0}
  m_ScaleInLightmap: 1
  m_PreserveUVs: 0
  m_IgnoreNormalsForChartDetection: 0
  m_ImportantGI: 0
  m_StitchLightmapSeams: 1
  m_SelectedEditorRenderState: 3
  m_MinimumChartSize: 4
  m_AutoUVMaxDistance: 0.5
  m_AutoUVMaxAngle: 89
  m_LightmapParameters: {fileID: 0}
  m_SortingLayerID: 0
  m_SortingLayer: 0
  m_SortingOrder: 3
  serializedVersion: 2
  m_Quality: 0
  m_UpdateWhenOffscreen: 0
  m_SkinnedMotionVectors: 1
  m_Mesh: {fileID: 0}
  m_Bones:
  - {fileID: 1788581584697604329}
  - {fileID: 1788581585930347452}
  - {fileID: 1788581586227443785}
  m_BlendShapeWeights: []
  m_RootBone: {fileID: 1788581584697604329}
  m_AABB:
    m_Center: {x: 0.034180913, y: 0.11501645, z: 0}
    m_Extent: {x: 0.14114209, y: 0.26704443, z: 0}
  m_DirtyAABB: 0
--- !u!1 &1788581585330987545
GameObject:
  m_ObjectHideFlags: 0
  m_CorrespondingSourceObject: {fileID: 0}
  m_PrefabInstance: {fileID: 0}
  m_PrefabAsset: {fileID: 0}
  serializedVersion: 6
  m_Component:
  - component: {fileID: 1788581585330987544}
  - component: {fileID: 1788581585330987527}
  m_Layer: 0
  m_Name: Mano_01
  m_TagString: Untagged
  m_Icon: {fileID: 0}
  m_NavMeshLayer: 0
  m_StaticEditorFlags: 0
  m_IsActive: 1
--- !u!4 &1788581585330987544
Transform:
  m_ObjectHideFlags: 0
  m_CorrespondingSourceObject: {fileID: 0}
  m_PrefabInstance: {fileID: 0}
  m_PrefabAsset: {fileID: 0}
  m_GameObject: {fileID: 1788581585330987545}
  m_LocalRotation: {x: -0, y: -0, z: 0.34237424, w: 0.9395637}
  m_LocalPosition: {x: 0.33000022, y: -0.00000008195639, z: 0}
  m_LocalScale: {x: 1, y: 1, z: 1}
  m_Children:
  - {fileID: 1788581585429362502}
  m_Father: {fileID: 1788581584754042835}
  m_RootOrder: 0
  m_LocalEulerAnglesHint: {x: 0, y: 0, z: 400.043}
--- !u!114 &1788581585330987527
MonoBehaviour:
  m_ObjectHideFlags: 0
  m_CorrespondingSourceObject: {fileID: 0}
  m_PrefabInstance: {fileID: 0}
  m_PrefabAsset: {fileID: 0}
  m_GameObject: {fileID: 1788581585330987545}
  m_Enabled: 1
  m_EditorHideFlags: 0
  m_Script: {fileID: 11500000, guid: 03b157d7625014c58bfbad3513f40289, type: 3}
  m_Name: 
  m_EditorClassIdentifier: 
  m_Color: {r: 1, g: 1, b: 1, a: 1}
  m_Length: 0.13999988
  m_ChildTransform: {fileID: 1788581585429362502}
  m_AttachedIK: {fileID: 0}
--- !u!1 &1788581585376496514
GameObject:
  m_ObjectHideFlags: 0
  m_CorrespondingSourceObject: {fileID: 0}
  m_PrefabInstance: {fileID: 0}
  m_PrefabAsset: {fileID: 0}
  serializedVersion: 6
  m_Component:
  - component: {fileID: 1788581585376496513}
  - component: {fileID: 1788581585376496512}
  m_Layer: 0
  m_Name: Pie_frontal_01
  m_TagString: Untagged
  m_Icon: {fileID: 0}
  m_NavMeshLayer: 0
  m_StaticEditorFlags: 0
  m_IsActive: 1
--- !u!4 &1788581585376496513
Transform:
  m_ObjectHideFlags: 0
  m_CorrespondingSourceObject: {fileID: 0}
  m_PrefabInstance: {fileID: 0}
  m_PrefabAsset: {fileID: 0}
  m_GameObject: {fileID: 1788581585376496514}
  m_LocalRotation: {x: -0, y: -0, z: 0.12336104, w: 0.99236184}
  m_LocalPosition: {x: 0.28158513, y: -0.00044785626, z: 0}
  m_LocalScale: {x: 1, y: 1, z: 1}
  m_Children:
  - {fileID: 1788581584355365578}
  m_Father: {fileID: 1788581584804565649}
  m_RootOrder: 0
  m_LocalEulerAnglesHint: {x: 0, y: 0, z: 14.172001}
--- !u!114 &1788581585376496512
MonoBehaviour:
  m_ObjectHideFlags: 0
  m_CorrespondingSourceObject: {fileID: 0}
  m_PrefabInstance: {fileID: 0}
  m_PrefabAsset: {fileID: 0}
  m_GameObject: {fileID: 1788581585376496514}
  m_Enabled: 1
  m_EditorHideFlags: 0
  m_Script: {fileID: 11500000, guid: 03b157d7625014c58bfbad3513f40289, type: 3}
  m_Name: 
  m_EditorClassIdentifier: 
  m_Color: {r: 1, g: 1, b: 1, a: 1}
  m_Length: 0.12000031
  m_ChildTransform: {fileID: 1788581584355365578}
  m_AttachedIK: {fileID: 0}
--- !u!1 &1788581585392818432
GameObject:
  m_ObjectHideFlags: 0
  m_CorrespondingSourceObject: {fileID: 0}
  m_PrefabInstance: {fileID: 0}
  m_PrefabAsset: {fileID: 0}
  serializedVersion: 6
  m_Component:
  - component: {fileID: 1788581585392818447}
  - component: {fileID: 1788581585392818446}
  m_Layer: 0
  m_Name: Ik pierna frontal
  m_TagString: Untagged
  m_Icon: {fileID: 0}
  m_NavMeshLayer: 0
  m_StaticEditorFlags: 0
  m_IsActive: 1
--- !u!4 &1788581585392818447
Transform:
  m_ObjectHideFlags: 0
  m_CorrespondingSourceObject: {fileID: 0}
  m_PrefabInstance: {fileID: 0}
  m_PrefabAsset: {fileID: 0}
  m_GameObject: {fileID: 1788581585392818432}
  m_LocalRotation: {x: -0, y: -0, z: -0.70860344, w: 0.70560694}
  m_LocalPosition: {x: -4.172, y: -2.154, z: 0}
  m_LocalScale: {x: 1, y: 1, z: 1}
  m_Children: []
  m_Father: {fileID: 1788581585047742291}
  m_RootOrder: 0
  m_LocalEulerAnglesHint: {x: 0, y: 0, z: -90.243004}
--- !u!114 &1788581585392818446
MonoBehaviour:
  m_ObjectHideFlags: 0
  m_CorrespondingSourceObject: {fileID: 0}
  m_PrefabInstance: {fileID: 0}
  m_PrefabAsset: {fileID: 0}
  m_GameObject: {fileID: 1788581585392818432}
  m_Enabled: 1
  m_EditorHideFlags: 0
  m_Script: {fileID: 11500000, guid: 99091f75dac5d4ede961d37f71798fc6, type: 3}
  m_Name: 
  m_EditorClassIdentifier: 
  m_Record: 0
  m_TargetTransform: {fileID: 1788581584566305314}
  m_NumBones: 2
  m_Weight: 1
  m_RestoreDefaultPose: 1
  m_OrientChild: 1
  flip: 1
  m_Solver:
    m_RootBoneTransform: {fileID: 1788581584770046871}
    m_SolverPoses:
    - m_BoneTransform: {fileID: 1788581584770046871}
      solverPosition: {x: 0, y: 0, z: 0}
      solverRotation: {x: 0, y: 0, z: -0.9940226, w: 0.10917455}
      defaultLocalRotation: {x: -0, y: -0, z: -0.9957263, w: 0.0923537}
    - m_BoneTransform: {fileID: 1788581584566305314}
      solverPosition: {x: 0, y: 0, z: 0}
      solverRotation: {x: 0, y: 0, z: -0.25047937, w: 0.96812195}
      defaultLocalRotation: {x: -0, y: -0, z: -0.21837747, w: 0.97586435}
    m_Weight: 1
    m_RestoreDefaultPose: 1
    targetPosition: {x: -10.534, y: -4.367, z: -4.8796067}
    flip: 1
--- !u!1 &1788581585429362503
GameObject:
  m_ObjectHideFlags: 0
  m_CorrespondingSourceObject: {fileID: 0}
  m_PrefabInstance: {fileID: 0}
  m_PrefabAsset: {fileID: 0}
  serializedVersion: 6
  m_Component:
  - component: {fileID: 1788581585429362502}
  - component: {fileID: 1788581585429362501}
  m_Layer: 0
  m_Name: Mano_02
  m_TagString: Untagged
  m_Icon: {fileID: 0}
  m_NavMeshLayer: 0
  m_StaticEditorFlags: 0
  m_IsActive: 1
--- !u!4 &1788581585429362502
Transform:
  m_ObjectHideFlags: 0
  m_CorrespondingSourceObject: {fileID: 0}
  m_PrefabInstance: {fileID: 0}
  m_PrefabAsset: {fileID: 0}
  m_GameObject: {fileID: 1788581585429362503}
  m_LocalRotation: {x: -0, y: -0, z: -0.42736703, w: 0.90407825}
  m_LocalPosition: {x: 0.14000008, y: -0.000000056810677, z: 0}
  m_LocalScale: {x: 1, y: 1, z: 1}
  m_Children: []
  m_Father: {fileID: 1788581585330987544}
  m_RootOrder: 0
  m_LocalEulerAnglesHint: {x: 0, y: 0, z: -50.601}
--- !u!114 &1788581585429362501
MonoBehaviour:
  m_ObjectHideFlags: 0
  m_CorrespondingSourceObject: {fileID: 0}
  m_PrefabInstance: {fileID: 0}
  m_PrefabAsset: {fileID: 0}
  m_GameObject: {fileID: 1788581585429362503}
  m_Enabled: 1
  m_EditorHideFlags: 0
  m_Script: {fileID: 11500000, guid: 03b157d7625014c58bfbad3513f40289, type: 3}
  m_Name: 
  m_EditorClassIdentifier: 
  m_Color: {r: 1, g: 1, b: 1, a: 1}
  m_Length: 0.12
  m_ChildTransform: {fileID: 0}
  m_AttachedIK: {fileID: 0}
--- !u!1 &1788581585536207134
GameObject:
  m_ObjectHideFlags: 0
  m_CorrespondingSourceObject: {fileID: 0}
  m_PrefabInstance: {fileID: 0}
  m_PrefabAsset: {fileID: 0}
  serializedVersion: 6
  m_Component:
  - component: {fileID: 1788581585536207133}
  - component: {fileID: 1788581585536207132}
  m_Layer: 0
  m_Name: Brazo_Frontal_01
  m_TagString: Untagged
  m_Icon: {fileID: 0}
  m_NavMeshLayer: 0
  m_StaticEditorFlags: 0
  m_IsActive: 1
--- !u!4 &1788581585536207133
Transform:
  m_ObjectHideFlags: 0
  m_CorrespondingSourceObject: {fileID: 0}
  m_PrefabInstance: {fileID: 0}
  m_PrefabAsset: {fileID: 0}
  m_GameObject: {fileID: 1788581585536207134}
  m_LocalRotation: {x: 0, y: 0, z: -0.9983078, w: 0.058151282}
  m_LocalPosition: {x: 0.58427066, y: 0.0132298535, z: 0}
  m_LocalScale: {x: 1, y: 1, z: 1}
  m_Children:
  - {fileID: 1788581584754042835}
  m_Father: {fileID: 1788581585195236558}
  m_RootOrder: 1
  m_LocalEulerAnglesHint: {x: 0, y: 0, z: -173.33301}
--- !u!114 &1788581585536207132
MonoBehaviour:
  m_ObjectHideFlags: 0
  m_CorrespondingSourceObject: {fileID: 0}
  m_PrefabInstance: {fileID: 0}
  m_PrefabAsset: {fileID: 0}
  m_GameObject: {fileID: 1788581585536207134}
  m_Enabled: 1
  m_EditorHideFlags: 0
  m_Script: {fileID: 11500000, guid: 03b157d7625014c58bfbad3513f40289, type: 3}
  m_Name: 
  m_EditorClassIdentifier: 
  m_Color: {r: 1, g: 1, b: 1, a: 1}
  m_Length: 0.4200002
  m_ChildTransform: {fileID: 1788581584754042835}
  m_AttachedIK: {fileID: 0}
--- !u!1 &1788581585543786101
GameObject:
  m_ObjectHideFlags: 0
  m_CorrespondingSourceObject: {fileID: 0}
  m_PrefabInstance: {fileID: 0}
  m_PrefabAsset: {fileID: 0}
  serializedVersion: 6
  m_Component:
  - component: {fileID: 1788581585543786100}
  - component: {fileID: 1788581585543786099}
  m_Layer: 0
  m_Name: IK pierna trasera
  m_TagString: Untagged
  m_Icon: {fileID: 0}
  m_NavMeshLayer: 0
  m_StaticEditorFlags: 0
  m_IsActive: 1
--- !u!4 &1788581585543786100
Transform:
  m_ObjectHideFlags: 0
  m_CorrespondingSourceObject: {fileID: 0}
  m_PrefabInstance: {fileID: 0}
  m_PrefabAsset: {fileID: 0}
  m_GameObject: {fileID: 1788581585543786101}
  m_LocalRotation: {x: -0, y: -0, z: -0, w: 1}
  m_LocalPosition: {x: -4.085, y: -2.157, z: 0}
  m_LocalScale: {x: 1, y: 1, z: 1}
  m_Children: []
  m_Father: {fileID: 1788581585047742291}
  m_RootOrder: 1
  m_LocalEulerAnglesHint: {x: 0, y: 0, z: 0}
--- !u!114 &1788581585543786099
MonoBehaviour:
  m_ObjectHideFlags: 0
  m_CorrespondingSourceObject: {fileID: 0}
  m_PrefabInstance: {fileID: 0}
  m_PrefabAsset: {fileID: 0}
  m_GameObject: {fileID: 1788581585543786101}
  m_Enabled: 1
  m_EditorHideFlags: 0
  m_Script: {fileID: 11500000, guid: 99091f75dac5d4ede961d37f71798fc6, type: 3}
  m_Name: 
  m_EditorClassIdentifier: 
  m_Record: 0
  m_TargetTransform: {fileID: 1788581584804565649}
  m_NumBones: 2
  m_Weight: 1
  m_RestoreDefaultPose: 1
  m_OrientChild: 1
  flip: 1
  m_Solver:
    m_RootBoneTransform: {fileID: 1788581585114473774}
    m_SolverPoses:
    - m_BoneTransform: {fileID: 1788581585114473774}
      solverPosition: {x: 0, y: 0, z: 0}
      solverRotation: {x: 0, y: 0, z: -0.99405307, w: 0.10889691}
      defaultLocalRotation: {x: 0, y: 0, z: 0.9963249, w: -0.0856546}
    - m_BoneTransform: {fileID: 1788581584804565649}
      solverPosition: {x: 0, y: 0, z: 0}
      solverRotation: {x: 0, y: 0, z: -0.23337553, w: 0.97238666}
      defaultLocalRotation: {x: 0, y: 0, z: -0.25891542, w: 0.9659}
    m_Weight: 1
    m_RestoreDefaultPose: 1
    targetPosition: {x: -10.4470005, y: -4.37, z: -4.8796067}
    flip: 1
--- !u!1 &1788581585552877853
GameObject:
  m_ObjectHideFlags: 0
  m_CorrespondingSourceObject: {fileID: 0}
  m_PrefabInstance: {fileID: 0}
  m_PrefabAsset: {fileID: 0}
  serializedVersion: 6
  m_Component:
  - component: {fileID: 1788581585552877852}
  - component: {fileID: 1788581585552877849}
  - component: {fileID: 1788581585552877851}
  m_Layer: 0
  m_Name: pie trasero
  m_TagString: Anbar
  m_Icon: {fileID: 0}
  m_NavMeshLayer: 0
  m_StaticEditorFlags: 0
  m_IsActive: 1
--- !u!4 &1788581585552877852
Transform:
  m_ObjectHideFlags: 0
  m_CorrespondingSourceObject: {fileID: 0}
  m_PrefabInstance: {fileID: 0}
  m_PrefabAsset: {fileID: 0}
  m_GameObject: {fileID: 1788581585552877853}
  m_LocalRotation: {x: -0, y: -0, z: -0, w: 1}
  m_LocalPosition: {x: 0.14600039, y: -2.7769997, z: 0}
  m_LocalScale: {x: 1, y: 1, z: 1}
  m_Children: []
  m_Father: {fileID: 1788581585603325793}
  m_RootOrder: 4
  m_LocalEulerAnglesHint: {x: 0, y: 0, z: 0}
--- !u!114 &1788581585552877849
MonoBehaviour:
  m_ObjectHideFlags: 0
  m_CorrespondingSourceObject: {fileID: 0}
  m_PrefabInstance: {fileID: 0}
  m_PrefabAsset: {fileID: 0}
  m_GameObject: {fileID: 1788581585552877853}
  m_Enabled: 1
  m_EditorHideFlags: 0
  m_Script: {fileID: 11500000, guid: 5ec17ceaa560940e9bf0dbeafc3a1971, type: 3}
  m_Name: 
  m_EditorClassIdentifier: 
  m_SpriteMesh: {fileID: 11400000, guid: 42c4c2b3aa8b3a64dbcb4ce59de6b8f1, type: 2}
  m_Color: {r: 1, g: 1, b: 1, a: 1}
  m_Materials:
  - {fileID: 10754, guid: 0000000000000000f000000000000000, type: 0}
  m_SortingLayerID: 0
  m_SortingOrder: 0
  m_BoneTransforms:
  - {fileID: 1788581585376496513}
  - {fileID: 1788581584355365578}
  - {fileID: 1788581584397544949}
--- !u!137 &1788581585552877851
SkinnedMeshRenderer:
  m_ObjectHideFlags: 0
  m_CorrespondingSourceObject: {fileID: 0}
  m_PrefabInstance: {fileID: 0}
  m_PrefabAsset: {fileID: 0}
  m_GameObject: {fileID: 1788581585552877853}
  m_Enabled: 1
  m_CastShadows: 1
  m_ReceiveShadows: 1
  m_DynamicOccludee: 1
  m_MotionVectors: 1
  m_LightProbeUsage: 1
  m_ReflectionProbeUsage: 1
  m_RenderingLayerMask: 1
  m_RendererPriority: 0
  m_Materials:
  - {fileID: 10754, guid: 0000000000000000f000000000000000, type: 0}
  m_StaticBatchInfo:
    firstSubMesh: 0
    subMeshCount: 0
  m_StaticBatchRoot: {fileID: 0}
  m_ProbeAnchor: {fileID: 0}
  m_LightProbeVolumeOverride: {fileID: 0}
  m_ScaleInLightmap: 1
  m_PreserveUVs: 0
  m_IgnoreNormalsForChartDetection: 0
  m_ImportantGI: 0
  m_StitchLightmapSeams: 1
  m_SelectedEditorRenderState: 3
  m_MinimumChartSize: 4
  m_AutoUVMaxDistance: 0.5
  m_AutoUVMaxAngle: 89
  m_LightmapParameters: {fileID: 0}
  m_SortingLayerID: 0
  m_SortingLayer: 0
  m_SortingOrder: 0
  serializedVersion: 2
  m_Quality: 0
  m_UpdateWhenOffscreen: 0
  m_SkinnedMotionVectors: 1
  m_Mesh: {fileID: 0}
  m_Bones:
  - {fileID: 1788581585376496513}
  - {fileID: 1788581584355365578}
  - {fileID: 1788581584397544949}
  m_BlendShapeWeights: []
  m_RootBone: {fileID: 1788581585376496513}
  m_AABB:
    m_Center: {x: 0.039513033, y: 0.09868124, z: 0}
    m_Extent: {x: 0.13253944, y: 0.26813653, z: 0}
  m_DirtyAABB: 0
--- !u!1 &1788581585603325794
GameObject:
  m_ObjectHideFlags: 0
  m_CorrespondingSourceObject: {fileID: 0}
  m_PrefabInstance: {fileID: 0}
  m_PrefabAsset: {fileID: 0}
  serializedVersion: 6
  m_Component:
  - component: {fileID: 1788581585603325793}
  - component: {fileID: 1788581585603325792}
  - component: {fileID: 1788581585603325807}
  m_Layer: 0
  m_Name: Personaje
  m_TagString: Untagged
  m_Icon: {fileID: 0}
  m_NavMeshLayer: 0
  m_StaticEditorFlags: 0
  m_IsActive: 1
--- !u!4 &1788581585603325793
Transform:
  m_ObjectHideFlags: 0
  m_CorrespondingSourceObject: {fileID: 0}
  m_PrefabInstance: {fileID: 0}
  m_PrefabAsset: {fileID: 0}
  m_GameObject: {fileID: 1788581585603325794}
  m_LocalRotation: {x: -0, y: -0, z: -0, w: 1}
  m_LocalPosition: {x: 4.188, y: 1.102, z: 0.1003933}
  m_LocalScale: {x: 1, y: 1, z: 1}
  m_Children:
  - {fileID: 1788581585757199416}
  - {fileID: 1788581584702780505}
  - {fileID: 1788581585757616301}
  - {fileID: 1788581585227899910}
  - {fileID: 1788581585552877852}
  - {fileID: 1788581585729228726}
  - {fileID: 1788581586369901967}
  - {fileID: 1788581584917019696}
  - {fileID: 1788581585052537401}
  m_Father: {fileID: 1788581584662772845}
  m_RootOrder: 0
  m_LocalEulerAnglesHint: {x: 0, y: 0, z: 0}
--- !u!95 &1788581585603325792
Animator:
  serializedVersion: 3
  m_ObjectHideFlags: 0
  m_CorrespondingSourceObject: {fileID: 0}
  m_PrefabInstance: {fileID: 0}
  m_PrefabAsset: {fileID: 0}
  m_GameObject: {fileID: 1788581585603325794}
  m_Enabled: 1
  m_Avatar: {fileID: 0}
  m_Controller: {fileID: 9100000, guid: b4eb52a19955c14449eff098d7fee729, type: 2}
  m_CullingMode: 0
  m_UpdateMode: 0
  m_ApplyRootMotion: 0
  m_LinearVelocityBlending: 0
  m_WarningMessage: 
  m_HasTransformHierarchy: 1
  m_AllowConstantClipSamplingOptimization: 1
  m_KeepAnimatorControllerStateOnDisable: 0
--- !u!114 &1788581585603325807
MonoBehaviour:
  m_ObjectHideFlags: 0
  m_CorrespondingSourceObject: {fileID: 0}
  m_PrefabInstance: {fileID: 0}
  m_PrefabAsset: {fileID: 0}
  m_GameObject: {fileID: 1788581585603325794}
  m_Enabled: 1
  m_EditorHideFlags: 0
  m_Script: {fileID: 11500000, guid: 37197bc1142981d42bd078b18a0184fb, type: 3}
  m_Name: 
  m_EditorClassIdentifier: 
  animator: {fileID: 0}
--- !u!1 &1788581585729228727
GameObject:
  m_ObjectHideFlags: 0
  m_CorrespondingSourceObject: {fileID: 0}
  m_PrefabInstance: {fileID: 0}
  m_PrefabAsset: {fileID: 0}
  serializedVersion: 6
  m_Component:
  - component: {fileID: 1788581585729228726}
  - component: {fileID: 1788581585729228723}
  - component: {fileID: 1788581585729228725}
  m_Layer: 0
  m_Name: pierna frontal
  m_TagString: Anbar
  m_Icon: {fileID: 0}
  m_NavMeshLayer: 0
  m_StaticEditorFlags: 0
  m_IsActive: 1
--- !u!4 &1788581585729228726
Transform:
  m_ObjectHideFlags: 0
  m_CorrespondingSourceObject: {fileID: 0}
  m_PrefabInstance: {fileID: 0}
  m_PrefabAsset: {fileID: 0}
  m_GameObject: {fileID: 1788581585729228727}
  m_LocalRotation: {x: -0, y: -0, z: -0, w: 1}
  m_LocalPosition: {x: -0.049999714, y: -2.288, z: 0}
  m_LocalScale: {x: 1, y: 1, z: 1}
  m_Children: []
  m_Father: {fileID: 1788581585603325793}
  m_RootOrder: 5
  m_LocalEulerAnglesHint: {x: 0, y: 0, z: 0}
--- !u!114 &1788581585729228723
MonoBehaviour:
  m_ObjectHideFlags: 0
  m_CorrespondingSourceObject: {fileID: 0}
  m_PrefabInstance: {fileID: 0}
  m_PrefabAsset: {fileID: 0}
  m_GameObject: {fileID: 1788581585729228727}
  m_Enabled: 1
  m_EditorHideFlags: 0
  m_Script: {fileID: 11500000, guid: 5ec17ceaa560940e9bf0dbeafc3a1971, type: 3}
  m_Name: 
  m_EditorClassIdentifier: 
  m_SpriteMesh: {fileID: 11400000, guid: 9e566c15df69c1e41bcf3fe0609ac874, type: 2}
  m_Color: {r: 1, g: 1, b: 1, a: 1}
  m_Materials:
  - {fileID: 10754, guid: 0000000000000000f000000000000000, type: 0}
  m_SortingLayerID: 0
  m_SortingOrder: 3
  m_BoneTransforms:
  - {fileID: 1788581584770046871}
  - {fileID: 1788581584566305314}
--- !u!137 &1788581585729228725
SkinnedMeshRenderer:
  m_ObjectHideFlags: 0
  m_CorrespondingSourceObject: {fileID: 0}
  m_PrefabInstance: {fileID: 0}
  m_PrefabAsset: {fileID: 0}
  m_GameObject: {fileID: 1788581585729228727}
  m_Enabled: 1
  m_CastShadows: 1
  m_ReceiveShadows: 1
  m_DynamicOccludee: 1
  m_MotionVectors: 1
  m_LightProbeUsage: 1
  m_ReflectionProbeUsage: 1
  m_RenderingLayerMask: 1
  m_RendererPriority: 0
  m_Materials:
  - {fileID: 10754, guid: 0000000000000000f000000000000000, type: 0}
  m_StaticBatchInfo:
    firstSubMesh: 0
    subMeshCount: 0
  m_StaticBatchRoot: {fileID: 0}
  m_ProbeAnchor: {fileID: 0}
  m_LightProbeVolumeOverride: {fileID: 0}
  m_ScaleInLightmap: 1
  m_PreserveUVs: 0
  m_IgnoreNormalsForChartDetection: 0
  m_ImportantGI: 0
  m_StitchLightmapSeams: 1
  m_SelectedEditorRenderState: 3
  m_MinimumChartSize: 4
  m_AutoUVMaxDistance: 0.5
  m_AutoUVMaxAngle: 89
  m_LightmapParameters: {fileID: 0}
  m_SortingLayerID: 0
  m_SortingLayer: 0
  m_SortingOrder: 3
  serializedVersion: 2
  m_Quality: 0
  m_UpdateWhenOffscreen: 0
  m_SkinnedMotionVectors: 1
  m_Mesh: {fileID: 0}
  m_Bones:
  - {fileID: 1788581584770046871}
  - {fileID: 1788581584566305314}
  m_BlendShapeWeights: []
  m_RootBone: {fileID: 1788581584770046871}
  m_AABB:
    m_Center: {x: 0.32827127, y: -0.056337953, z: 0}
    m_Extent: {x: 0.5156456, y: 0.39135072, z: 0}
  m_DirtyAABB: 0
--- !u!1 &1788581585757199417
GameObject:
  m_ObjectHideFlags: 0
  m_CorrespondingSourceObject: {fileID: 0}
  m_PrefabInstance: {fileID: 0}
  m_PrefabAsset: {fileID: 0}
  serializedVersion: 6
  m_Component:
  - component: {fileID: 1788581585757199416}
  - component: {fileID: 1788581585757199397}
  - component: {fileID: 1788581585757199399}
  m_Layer: 0
  m_Name: brazo frontal
  m_TagString: Anbar
  m_Icon: {fileID: 0}
  m_NavMeshLayer: 0
  m_StaticEditorFlags: 0
  m_IsActive: 1
--- !u!4 &1788581585757199416
Transform:
  m_ObjectHideFlags: 0
  m_CorrespondingSourceObject: {fileID: 0}
  m_PrefabInstance: {fileID: 0}
  m_PrefabAsset: {fileID: 0}
  m_GameObject: {fileID: 1788581585757199417}
  m_LocalRotation: {x: -0, y: -0, z: -0, w: 1}
  m_LocalPosition: {x: 0.0970006, y: -1.566, z: 0}
  m_LocalScale: {x: 1, y: 1, z: 1}
  m_Children: []
  m_Father: {fileID: 1788581585603325793}
  m_RootOrder: 0
  m_LocalEulerAnglesHint: {x: 0, y: 0, z: 0}
--- !u!114 &1788581585757199397
MonoBehaviour:
  m_ObjectHideFlags: 0
  m_CorrespondingSourceObject: {fileID: 0}
  m_PrefabInstance: {fileID: 0}
  m_PrefabAsset: {fileID: 0}
  m_GameObject: {fileID: 1788581585757199417}
  m_Enabled: 1
  m_EditorHideFlags: 0
  m_Script: {fileID: 11500000, guid: 5ec17ceaa560940e9bf0dbeafc3a1971, type: 3}
  m_Name: 
  m_EditorClassIdentifier: 
  m_SpriteMesh: {fileID: 11400000, guid: bfdbf2c49929c3644acdfcbb5b6949a2, type: 2}
  m_Color: {r: 1, g: 1, b: 1, a: 1}
  m_Materials:
  - {fileID: 10754, guid: 0000000000000000f000000000000000, type: 0}
  m_SortingLayerID: 0
  m_SortingOrder: 6
  m_BoneTransforms:
  - {fileID: 1788581585536207133}
  - {fileID: 1788581584754042835}
  - {fileID: 1788581585330987544}
  - {fileID: 1788581585429362502}
--- !u!137 &1788581585757199399
SkinnedMeshRenderer:
  m_ObjectHideFlags: 0
  m_CorrespondingSourceObject: {fileID: 0}
  m_PrefabInstance: {fileID: 0}
  m_PrefabAsset: {fileID: 0}
  m_GameObject: {fileID: 1788581585757199417}
  m_Enabled: 1
  m_CastShadows: 1
  m_ReceiveShadows: 1
  m_DynamicOccludee: 1
  m_MotionVectors: 1
  m_LightProbeUsage: 1
  m_ReflectionProbeUsage: 1
  m_RenderingLayerMask: 1
  m_RendererPriority: 0
  m_Materials:
  - {fileID: 10754, guid: 0000000000000000f000000000000000, type: 0}
  m_StaticBatchInfo:
    firstSubMesh: 0
    subMeshCount: 0
  m_StaticBatchRoot: {fileID: 0}
  m_ProbeAnchor: {fileID: 0}
  m_LightProbeVolumeOverride: {fileID: 0}
  m_ScaleInLightmap: 1
  m_PreserveUVs: 0
  m_IgnoreNormalsForChartDetection: 0
  m_ImportantGI: 0
  m_StitchLightmapSeams: 1
  m_SelectedEditorRenderState: 3
  m_MinimumChartSize: 4
  m_AutoUVMaxDistance: 0.5
  m_AutoUVMaxAngle: 89
  m_LightmapParameters: {fileID: 0}
  m_SortingLayerID: 0
  m_SortingLayer: 0
  m_SortingOrder: 6
  serializedVersion: 2
  m_Quality: 0
  m_UpdateWhenOffscreen: 0
  m_SkinnedMotionVectors: 1
  m_Mesh: {fileID: 0}
  m_Bones:
  - {fileID: 1788581585536207133}
  - {fileID: 1788581584754042835}
  - {fileID: 1788581585330987544}
  - {fileID: 1788581585429362502}
  m_BlendShapeWeights: []
  m_RootBone: {fileID: 1788581585536207133}
  m_AABB:
    m_Center: {x: 0.417888, y: 0.14122595, z: 0}
    m_Extent: {x: 0.521918, y: 0.5066862, z: 0}
  m_DirtyAABB: 0
--- !u!1 &1788581585757616302
GameObject:
  m_ObjectHideFlags: 0
  m_CorrespondingSourceObject: {fileID: 0}
  m_PrefabInstance: {fileID: 0}
  m_PrefabAsset: {fileID: 0}
  serializedVersion: 6
  m_Component:
  - component: {fileID: 1788581585757616301}
  - component: {fileID: 1788581585757616298}
  - component: {fileID: 1788581585757616300}
  m_Layer: 0
  m_Name: Cabeza
  m_TagString: Anbar
  m_Icon: {fileID: 0}
  m_NavMeshLayer: 0
  m_StaticEditorFlags: 0
  m_IsActive: 1
--- !u!4 &1788581585757616301
Transform:
  m_ObjectHideFlags: 0
  m_CorrespondingSourceObject: {fileID: 0}
  m_PrefabInstance: {fileID: 0}
  m_PrefabAsset: {fileID: 0}
  m_GameObject: {fileID: 1788581585757616302}
  m_LocalRotation: {x: -0, y: -0, z: -0, w: 1}
  m_LocalPosition: {x: -0.32099968, y: -0.84800005, z: 0}
  m_LocalScale: {x: 1, y: 1, z: 1}
  m_Children: []
  m_Father: {fileID: 1788581585603325793}
  m_RootOrder: 2
  m_LocalEulerAnglesHint: {x: 0, y: 0, z: 0}
--- !u!114 &1788581585757616298
MonoBehaviour:
  m_ObjectHideFlags: 0
  m_CorrespondingSourceObject: {fileID: 0}
  m_PrefabInstance: {fileID: 0}
  m_PrefabAsset: {fileID: 0}
  m_GameObject: {fileID: 1788581585757616302}
  m_Enabled: 1
  m_EditorHideFlags: 0
  m_Script: {fileID: 11500000, guid: 5ec17ceaa560940e9bf0dbeafc3a1971, type: 3}
  m_Name: 
  m_EditorClassIdentifier: 
  m_SpriteMesh: {fileID: 11400000, guid: 7b227d12ebbd98e4ca412ab51b7006aa, type: 2}
  m_Color: {r: 1, g: 1, b: 1, a: 1}
  m_Materials:
  - {fileID: 10754, guid: 0000000000000000f000000000000000, type: 0}
  m_SortingLayerID: 0
  m_SortingOrder: 5
  m_BoneTransforms:
  - {fileID: 1788581585759704737}
--- !u!137 &1788581585757616300
SkinnedMeshRenderer:
  m_ObjectHideFlags: 0
  m_CorrespondingSourceObject: {fileID: 0}
  m_PrefabInstance: {fileID: 0}
  m_PrefabAsset: {fileID: 0}
  m_GameObject: {fileID: 1788581585757616302}
  m_Enabled: 1
  m_CastShadows: 1
  m_ReceiveShadows: 1
  m_DynamicOccludee: 1
  m_MotionVectors: 1
  m_LightProbeUsage: 1
  m_ReflectionProbeUsage: 1
  m_RenderingLayerMask: 1
  m_RendererPriority: 0
  m_Materials:
  - {fileID: 10754, guid: 0000000000000000f000000000000000, type: 0}
  m_StaticBatchInfo:
    firstSubMesh: 0
    subMeshCount: 0
  m_StaticBatchRoot: {fileID: 0}
  m_ProbeAnchor: {fileID: 0}
  m_LightProbeVolumeOverride: {fileID: 0}
  m_ScaleInLightmap: 1
  m_PreserveUVs: 0
  m_IgnoreNormalsForChartDetection: 0
  m_ImportantGI: 0
  m_StitchLightmapSeams: 1
  m_SelectedEditorRenderState: 3
  m_MinimumChartSize: 4
  m_AutoUVMaxDistance: 0.5
  m_AutoUVMaxAngle: 89
  m_LightmapParameters: {fileID: 0}
  m_SortingLayerID: 0
  m_SortingLayer: 0
  m_SortingOrder: 5
  serializedVersion: 2
  m_Quality: 0
  m_UpdateWhenOffscreen: 0
  m_SkinnedMotionVectors: 1
  m_Mesh: {fileID: 0}
  m_Bones:
  - {fileID: 1788581585759704737}
  m_BlendShapeWeights: []
  m_RootBone: {fileID: 1788581585759704737}
  m_AABB:
    m_Center: {x: 0.35223913, y: 0.08099143, z: 0}
    m_Extent: {x: 0.54462016, y: 0.48409826, z: 0}
  m_DirtyAABB: 0
--- !u!1 &1788581585759704738
GameObject:
  m_ObjectHideFlags: 0
  m_CorrespondingSourceObject: {fileID: 0}
  m_PrefabInstance: {fileID: 0}
  m_PrefabAsset: {fileID: 0}
  serializedVersion: 6
  m_Component:
  - component: {fileID: 1788581585759704737}
  - component: {fileID: 1788581585759704736}
  m_Layer: 0
  m_Name: Cabeza
  m_TagString: Untagged
  m_Icon: {fileID: 0}
  m_NavMeshLayer: 0
  m_StaticEditorFlags: 0
  m_IsActive: 1
--- !u!4 &1788581585759704737
Transform:
  m_ObjectHideFlags: 0
  m_CorrespondingSourceObject: {fileID: 0}
  m_PrefabInstance: {fileID: 0}
  m_PrefabAsset: {fileID: 0}
  m_GameObject: {fileID: 1788581585759704738}
  m_LocalRotation: {x: -0, y: -0, z: -0.016987547, w: 0.9998557}
  m_LocalPosition: {x: 0.24999982, y: -0.000000020779623, z: 0}
  m_LocalScale: {x: 1, y: 1, z: 1}
  m_Children: []
  m_Father: {fileID: 1788581584349364219}
  m_RootOrder: 0
  m_LocalEulerAnglesHint: {x: 0, y: 0, z: -1.9470001}
--- !u!114 &1788581585759704736
MonoBehaviour:
  m_ObjectHideFlags: 0
  m_CorrespondingSourceObject: {fileID: 0}
  m_PrefabInstance: {fileID: 0}
  m_PrefabAsset: {fileID: 0}
  m_GameObject: {fileID: 1788581585759704738}
  m_Enabled: 1
  m_EditorHideFlags: 0
  m_Script: {fileID: 11500000, guid: 03b157d7625014c58bfbad3513f40289, type: 3}
  m_Name: 
  m_EditorClassIdentifier: 
  m_Color: {r: 1, g: 1, b: 1, a: 1}
  m_Length: 0.85
  m_ChildTransform: {fileID: 0}
  m_AttachedIK: {fileID: 0}
--- !u!1 &1788581585930347453
GameObject:
  m_ObjectHideFlags: 0
  m_CorrespondingSourceObject: {fileID: 0}
  m_PrefabInstance: {fileID: 0}
  m_PrefabAsset: {fileID: 0}
  serializedVersion: 6
  m_Component:
  - component: {fileID: 1788581585930347452}
  - component: {fileID: 1788581585930347451}
  m_Layer: 0
  m_Name: Pie_frontal_02
  m_TagString: Untagged
  m_Icon: {fileID: 0}
  m_NavMeshLayer: 0
  m_StaticEditorFlags: 0
  m_IsActive: 1
--- !u!4 &1788581585930347452
Transform:
  m_ObjectHideFlags: 0
  m_CorrespondingSourceObject: {fileID: 0}
  m_PrefabInstance: {fileID: 0}
  m_PrefabAsset: {fileID: 0}
  m_GameObject: {fileID: 1788581585930347453}
  m_LocalRotation: {x: 0, y: 0, z: 0.6972044, w: 0.7168724}
  m_LocalPosition: {x: 0.1200001, y: 0.0000000016880222, z: 0}
  m_LocalScale: {x: 1, y: 1, z: 1}
  m_Children:
  - {fileID: 1788581586227443785}
  m_Father: {fileID: 1788581584697604329}
  m_RootOrder: 0
  m_LocalEulerAnglesHint: {x: 0, y: 0, z: 88.406006}
--- !u!114 &1788581585930347451
MonoBehaviour:
  m_ObjectHideFlags: 0
  m_CorrespondingSourceObject: {fileID: 0}
  m_PrefabInstance: {fileID: 0}
  m_PrefabAsset: {fileID: 0}
  m_GameObject: {fileID: 1788581585930347453}
  m_Enabled: 1
  m_EditorHideFlags: 0
  m_Script: {fileID: 11500000, guid: 03b157d7625014c58bfbad3513f40289, type: 3}
  m_Name: 
  m_EditorClassIdentifier: 
  m_Color: {r: 1, g: 1, b: 1, a: 1}
  m_Length: 0.24499984
  m_ChildTransform: {fileID: 1788581586227443785}
  m_AttachedIK: {fileID: 0}
--- !u!1 &1788581585948744624
GameObject:
  m_ObjectHideFlags: 0
  m_CorrespondingSourceObject: {fileID: 0}
  m_PrefabInstance: {fileID: 0}
  m_PrefabAsset: {fileID: 0}
  serializedVersion: 6
  m_Component:
  - component: {fileID: 1788581585948744639}
  - component: {fileID: 1788581585948744638}
  m_Layer: 0
  m_Name: Brazo_trasero_02
  m_TagString: Untagged
  m_Icon: {fileID: 0}
  m_NavMeshLayer: 0
  m_StaticEditorFlags: 0
  m_IsActive: 1
--- !u!4 &1788581585948744639
Transform:
  m_ObjectHideFlags: 0
  m_CorrespondingSourceObject: {fileID: 0}
  m_PrefabInstance: {fileID: 0}
  m_PrefabAsset: {fileID: 0}
  m_GameObject: {fileID: 1788581585948744624}
  m_LocalRotation: {x: -0, y: -0, z: 0.220181, w: 0.9754591}
  m_LocalPosition: {x: 0.36000013, y: 0.0000000037252903, z: 0}
  m_LocalScale: {x: 1, y: 1, z: 1}
  m_Children:
  - {fileID: 1788581584401579500}
  m_Father: {fileID: 1788581584402793634}
  m_RootOrder: 0
  m_LocalEulerAnglesHint: {x: 0, y: 0, z: 25.439001}
--- !u!114 &1788581585948744638
MonoBehaviour:
  m_ObjectHideFlags: 0
  m_CorrespondingSourceObject: {fileID: 0}
  m_PrefabInstance: {fileID: 0}
  m_PrefabAsset: {fileID: 0}
  m_GameObject: {fileID: 1788581585948744624}
  m_Enabled: 1
  m_EditorHideFlags: 0
  m_Script: {fileID: 11500000, guid: 03b157d7625014c58bfbad3513f40289, type: 3}
  m_Name: 
  m_EditorClassIdentifier: 
  m_Color: {r: 1, g: 1, b: 1, a: 1}
  m_Length: 0.3500005
  m_ChildTransform: {fileID: 1788581584401579500}
  m_AttachedIK: {fileID: 0}
--- !u!1 &1788581586024478217
GameObject:
  m_ObjectHideFlags: 0
  m_CorrespondingSourceObject: {fileID: 0}
  m_PrefabInstance: {fileID: 0}
  m_PrefabAsset: {fileID: 0}
  serializedVersion: 6
  m_Component:
  - component: {fileID: 1788581586024478216}
  - component: {fileID: 1788581586024478263}
  m_Layer: 0
  m_Name: Cadera_01
  m_TagString: Untagged
  m_Icon: {fileID: 0}
  m_NavMeshLayer: 0
  m_StaticEditorFlags: 0
  m_IsActive: 1
--- !u!4 &1788581586024478216
Transform:
  m_ObjectHideFlags: 0
  m_CorrespondingSourceObject: {fileID: 0}
  m_PrefabInstance: {fileID: 0}
  m_PrefabAsset: {fileID: 0}
  m_GameObject: {fileID: 1788581586024478217}
  m_LocalRotation: {x: 0, y: 0, z: 0.7060958, w: 0.7081163}
  m_LocalPosition: {x: -4.200637, y: -1.440957, z: 0}
  m_LocalScale: {x: 1, y: 1, z: 1}
  m_Children:
  - {fileID: 1788581585195236558}
  - {fileID: 1788581584770046871}
  - {fileID: 1788581585114473774}
  m_Father: {fileID: 1788581585052537401}
  m_RootOrder: 0
  m_LocalEulerAnglesHint: {x: 0, y: 0, z: 89.836006}
--- !u!114 &1788581586024478263
MonoBehaviour:
  m_ObjectHideFlags: 0
  m_CorrespondingSourceObject: {fileID: 0}
  m_PrefabInstance: {fileID: 0}
  m_PrefabAsset: {fileID: 0}
  m_GameObject: {fileID: 1788581586024478217}
  m_Enabled: 1
  m_EditorHideFlags: 0
  m_Script: {fileID: 11500000, guid: 03b157d7625014c58bfbad3513f40289, type: 3}
  m_Name: 
  m_EditorClassIdentifier: 
  m_Color: {r: 1, g: 1, b: 1, a: 1}
  m_Length: 0.24999982
  m_ChildTransform: {fileID: 1788581585195236558}
  m_AttachedIK: {fileID: 0}
--- !u!1 &1788581586035787793
GameObject:
  m_ObjectHideFlags: 0
  m_CorrespondingSourceObject: {fileID: 0}
  m_PrefabInstance: {fileID: 0}
  m_PrefabAsset: {fileID: 0}
  serializedVersion: 6
  m_Component:
  - component: {fileID: 1788581586035787792}
  m_Layer: 0
  m_Name: Spawn coches
  m_TagString: Untagged
  m_Icon: {fileID: 0}
  m_NavMeshLayer: 0
  m_StaticEditorFlags: 0
  m_IsActive: 1
--- !u!4 &1788581586035787792
Transform:
  m_ObjectHideFlags: 0
  m_CorrespondingSourceObject: {fileID: 0}
  m_PrefabInstance: {fileID: 0}
  m_PrefabAsset: {fileID: 0}
  m_GameObject: {fileID: 1788581586035787793}
  m_LocalRotation: {x: 0, y: 0, z: 0, w: 1}
  m_LocalPosition: {x: 22.15, y: -2.4, z: 0}
  m_LocalScale: {x: 1, y: 1, z: 1}
  m_Children: []
  m_Father: {fileID: 1788581584677225812}
  m_RootOrder: 0
  m_LocalEulerAnglesHint: {x: 0, y: 0, z: 0}
--- !u!1 &1788581586227443786
GameObject:
  m_ObjectHideFlags: 0
  m_CorrespondingSourceObject: {fileID: 0}
  m_PrefabInstance: {fileID: 0}
  m_PrefabAsset: {fileID: 0}
  serializedVersion: 6
  m_Component:
  - component: {fileID: 1788581586227443785}
  - component: {fileID: 1788581586227443784}
  m_Layer: 0
  m_Name: Pie_frontal_03
  m_TagString: Untagged
  m_Icon: {fileID: 0}
  m_NavMeshLayer: 0
  m_StaticEditorFlags: 0
  m_IsActive: 1
--- !u!4 &1788581586227443785
Transform:
  m_ObjectHideFlags: 0
  m_CorrespondingSourceObject: {fileID: 0}
  m_PrefabInstance: {fileID: 0}
  m_PrefabAsset: {fileID: 0}
  m_GameObject: {fileID: 1788581586227443786}
  m_LocalRotation: {x: 0, y: 0, z: 0, w: 1}
  m_LocalPosition: {x: 0.24500011, y: -0.00000011920929, z: 0}
  m_LocalScale: {x: 1, y: 1, z: 1}
  m_Children: []
  m_Father: {fileID: 1788581585930347452}
  m_RootOrder: 0
  m_LocalEulerAnglesHint: {x: 0, y: 0, z: 0}
--- !u!114 &1788581586227443784
MonoBehaviour:
  m_ObjectHideFlags: 0
  m_CorrespondingSourceObject: {fileID: 0}
  m_PrefabInstance: {fileID: 0}
  m_PrefabAsset: {fileID: 0}
  m_GameObject: {fileID: 1788581586227443786}
  m_Enabled: 1
  m_EditorHideFlags: 0
  m_Script: {fileID: 11500000, guid: 03b157d7625014c58bfbad3513f40289, type: 3}
  m_Name: 
  m_EditorClassIdentifier: 
  m_Color: {r: 1, g: 1, b: 1, a: 1}
  m_Length: 0.11
  m_ChildTransform: {fileID: 0}
  m_AttachedIK: {fileID: 0}
--- !u!1 &1788581586369901952
GameObject:
  m_ObjectHideFlags: 0
  m_CorrespondingSourceObject: {fileID: 0}
  m_PrefabInstance: {fileID: 0}
  m_PrefabAsset: {fileID: 0}
  serializedVersion: 6
  m_Component:
  - component: {fileID: 1788581586369901967}
  - component: {fileID: 1788581586369901964}
  - component: {fileID: 1788581586369901966}
  m_Layer: 0
  m_Name: pierna trasera
  m_TagString: Anbar
  m_Icon: {fileID: 0}
  m_NavMeshLayer: 0
  m_StaticEditorFlags: 0
  m_IsActive: 1
--- !u!4 &1788581586369901967
Transform:
  m_ObjectHideFlags: 0
  m_CorrespondingSourceObject: {fileID: 0}
  m_PrefabInstance: {fileID: 0}
  m_PrefabAsset: {fileID: 0}
  m_GameObject: {fileID: 1788581586369901952}
  m_LocalRotation: {x: -0, y: -0, z: -0, w: 1}
  m_LocalPosition: {x: 0.04, y: -2.29, z: 0}
  m_LocalScale: {x: 1, y: 1, z: 1}
  m_Children: []
  m_Father: {fileID: 1788581585603325793}
  m_RootOrder: 6
  m_LocalEulerAnglesHint: {x: 0, y: 0, z: 0}
--- !u!114 &1788581586369901964
MonoBehaviour:
  m_ObjectHideFlags: 0
  m_CorrespondingSourceObject: {fileID: 0}
  m_PrefabInstance: {fileID: 0}
  m_PrefabAsset: {fileID: 0}
  m_GameObject: {fileID: 1788581586369901952}
  m_Enabled: 1
  m_EditorHideFlags: 0
  m_Script: {fileID: 11500000, guid: 5ec17ceaa560940e9bf0dbeafc3a1971, type: 3}
  m_Name: 
  m_EditorClassIdentifier: 
  m_SpriteMesh: {fileID: 11400000, guid: fe3942631f1efa9409890e0aafe06390, type: 2}
  m_Color: {r: 1, g: 1, b: 1, a: 1}
  m_Materials:
  - {fileID: 10754, guid: 0000000000000000f000000000000000, type: 0}
  m_SortingLayerID: 0
  m_SortingOrder: 0
  m_BoneTransforms:
  - {fileID: 1788581584804565649}
  - {fileID: 1788581585114473774}
--- !u!137 &1788581586369901966
SkinnedMeshRenderer:
  m_ObjectHideFlags: 0
  m_CorrespondingSourceObject: {fileID: 0}
  m_PrefabInstance: {fileID: 0}
  m_PrefabAsset: {fileID: 0}
  m_GameObject: {fileID: 1788581586369901952}
  m_Enabled: 1
  m_CastShadows: 1
  m_ReceiveShadows: 1
  m_DynamicOccludee: 1
  m_MotionVectors: 1
  m_LightProbeUsage: 1
  m_ReflectionProbeUsage: 1
  m_RenderingLayerMask: 1
  m_RendererPriority: 0
  m_Materials:
  - {fileID: 10754, guid: 0000000000000000f000000000000000, type: 0}
  m_StaticBatchInfo:
    firstSubMesh: 0
    subMeshCount: 0
  m_StaticBatchRoot: {fileID: 0}
  m_ProbeAnchor: {fileID: 0}
  m_LightProbeVolumeOverride: {fileID: 0}
  m_ScaleInLightmap: 1
  m_PreserveUVs: 0
  m_IgnoreNormalsForChartDetection: 0
  m_ImportantGI: 0
  m_StitchLightmapSeams: 1
  m_SelectedEditorRenderState: 3
  m_MinimumChartSize: 4
  m_AutoUVMaxDistance: 0.5
  m_AutoUVMaxAngle: 89
  m_LightmapParameters: {fileID: 0}
  m_SortingLayerID: 0
  m_SortingLayer: 0
  m_SortingOrder: 0
  serializedVersion: 2
  m_Quality: 0
  m_UpdateWhenOffscreen: 0
  m_SkinnedMotionVectors: 1
  m_Mesh: {fileID: 0}
  m_Bones:
  - {fileID: 1788581584804565649}
  - {fileID: 1788581585114473774}
  m_BlendShapeWeights: []
  m_RootBone: {fileID: 1788581584804565649}
  m_AABB:
    m_Center: {x: -0.13769622, y: -0.11127439, z: 0}
    m_Extent: {x: 0.51184326, y: 0.3616646, z: 0}
  m_DirtyAABB: 0
